@Article{Andre2006,
  author    = {Andr{\'e}, A. and DeMille, D. and Doyle, J. M. and Lukin, M. D. and Maxwell, S. E. and Rabl, P. and Schoelkopf, R. J. and Zoller, P.},
  title     = {A coherent all-electrical interface between polar molecules and mesoscopic superconducting resonators},
  pages     = {636--642},
  url       = {http://dx.doi.org/10.1038/nphys386},
  volume    = {2},
  groups    = {Mike's Reading List},
  journal   = {Nature Physics},
  keywords  = {molecule chip},
  month     = {8},
  publisher = {Nature Publishing Group},
  year      = {2006},
}

@Article{Barry2014,
  author    = {Barry, J. F. and McCarron, D. J. and Norrgard, E. B. and Steinecker, M. H. and DeMille, D.},
  title     = {Magneto-optical trapping of a diatomic molecule},
  pages     = {286--},
  url       = {http://dx.doi.org/10.1038/nature13634},
  volume    = {512},
  groups    = {DeMille Cold Molecules, Mike's Reading List},
  journal   = {Nature},
  month     = {8},
  publisher = {Nature Publishing Group, a division of Macmillan Publishers Limited. All Rights Reserved.},
  year      = {2014},
}

@Article{Bethlem2000,
  author    = {Bethlem, Hendrick L. and Berden, Giel and Crompvoets, Floris M.
    H. and Jongma, Rienk T. and van Roij, Andr{\'e} J. A. and Meijer, Gerard},
  title     = {Electrostatic trapping of ammonia molecules},
  journal   = {Nature},
  year      = {2000},
  volume    = {406},
  pages     = {491--},
  month     = {8},
  groups    = {Mike's Reading List},
  publisher = {Macmillian Magazines Ltd.},
  url       = {http://dx.doi.org/10.1038/35020030},
}

@Book{Binney,
  title     = {The Physics of Quantum Mechanics},
  publisher = {OUP Oxford},
  year      = {2013},
  author    = {Binney, J. and Skinner, D.},
  isbn      = {9780199688562},
  lccn      = {2013940021},
  url       = {https://books.google.co.uk/books?id=uDIUDAAAQBAJ},
}

@Book{blundell2,
  title     = {Concepts in Thermal Physics},
  publisher = {OUP Oxford},
  year      = {2009},
  author    = {Blundell, S.J. and Blundell, K.M.},
  isbn      = {9780191574337},
  lccn      = {2009517087},
  url       = {https://books.google.co.uk/books?id=YE9uBAAAQBAJ},
}

@Article{Cirac1993,
  author    = {Cirac, J. I. and Blatt, R. and Parkins, A. S. and Zoller, P.},
  title     = {Preparation of Fock states by observation of quantum jumps in an ion trap},
  journal   = {Phys. Rev. Lett.},
  year      = {1993},
  volume    = {70},
  pages     = {762--765},
  month     = {2},
  doi       = {10.1103/PhysRevLett.70.762},
  issue     = {6},
  numpages  = {0},
  publisher = {American Physical Society},
  url       = {https://link.aps.org/doi/10.1103/PhysRevLett.70.762},
}

@Article{Feynman1982,
  author  = {Feynman, Richard P.},
  title   = {Simulating physics with computers},
  journal = {International Journal of Theoretical Physics},
  year    = {1982},
  volume  = {21},
  number  = {6},
  pages   = {467--488},
  month   = {6},
  issn    = {1572-9575},
  day     = {01},
  doi     = {10.1007/BF02650179},
  groups  = {Key Concepts},
  url     = {https://doi.org/10.1007/BF02650179},
}

@Book{Foot2005,
  title     = {Atomic Physics},
  publisher = {Oxford University press},
  year      = {2005},
  author    = {Christopher J. Foot},
}

@Book{Fox2001,
  title     = {Optical Properties of Solids},
  publisher = {Oxford University Press},
  year      = {2001},
  author    = {Mark Fox},
}

@Book{Hecht2002,
  title     = {Optics},
  publisher = {Addison-Wesley},
  year      = {2002},
  author    = {Hecht, E.},
  series    = {Pearson education},
  isbn      = {9780321188786},
  lccn      = {2001032540},
  url       = {https://books.google.co.uk/books?id=T3ofAQAAMAAJ},
}

@Article{Hong1987,
  author    = {Hong, C. K. and Ou, Z. Y. and Mandel, L.},
  title     = {Measurement of subpicosecond time intervals between two photons by interference},
  journal   = {Phys. Rev. Lett.},
  year      = {1987},
  volume    = {59},
  pages     = {2044--2046},
  month     = {11},
  doi       = {10.1103/PhysRevLett.59.2044},
  groups    = {Key Concepts},
  issue     = {18},
  numpages  = {0},
  publisher = {American Physical Society},
  url       = {https://link.aps.org/doi/10.1103/PhysRevLett.59.2044},
}

@Book{Hooker2010,
  title     = {Laser Physics},
  publisher = {Oxford University Press},
  year      = {2010},
  author    = {Simon Hooker and Colin Webb},
}

@Article{JaynesJan.1963,
  author    = {Jaynes, E. T. and Cummings, F. W.},
  title     = {Comparison of quantum and semiclassical radiation theories with application to the beam maser},
  journal   = {Proceedings of the IEEE},
  year      = {Jan. 1963},
  volume    = {51},
  number    = {1},
  pages     = {89--109},
  issn      = {0018-9219},
  booktitle = {Proceedings of the IEEE},
  groups    = {Key Concepts},
  keywords  = {Coherence, Electromagnetic fields, Electromagnetic radiation, Energy exchange, Frequency, Masers, Noise level, Quantum mechanics, Stability, Tellurium},
}

@Book{nielsenandchuang,
  title     = {Quantum Computation and Quantum Information},
  publisher = {Cambridge University Press},
  year      = {2000},
  author    = {Nielsen, M.A. and Chuang, I.L.},
  series    = {Cambridge Series on Information and the Natural Sciences},
  isbn      = {9780521635035},
  lccn      = {98022029},
  url       = {https://books.google.co.uk/books?id=aai-P4V9GJ8C},
}

@Article{Truppe2017,
  author    = {Truppe, S. and Williams, H. J. and Hambach, M. and Caldwell, L. and Fitch, N. J. and Hinds, E. A. and Sauer, B. E. and Tarbutt, M. R.},
  title     = {Molecules cooled below the Doppler limit},
  pages     = {1173--},
  url       = {http://dx.doi.org/10.1038/nphys4241},
  volume    = {13},
  groups    = {Mike's Reading List, CCM Papers},
  journal   = {Nature Physics},
  month     = {8},
  publisher = {Nature Publishing Group},
  year      = {2017},
}

@Article{PhysRevLett.94.083001,
  author    = {van Veldhoven, Jacqueline and Bethlem, Hendrick L. and Meijer, Gerard},
  title     = {ac Electric Trap for Ground-State Molecules},
  journal   = {Phys. Rev. Lett.},
  year      = {2005},
  volume    = {94},
  pages     = {083001},
  month     = {3},
  doi       = {10.1103/PhysRevLett.94.083001},
  groups    = {Mike's Reading List},
  issue     = {8},
  numpages  = {4},
  publisher = {American Physical Society},
  url       = {https://link.aps.org/doi/10.1103/PhysRevLett.94.083001},
}

@Article{Meek2008,
  author    = {Meek, Samuel A. and Bethlem, Hendrick L. and Conrad, Horst and Meijer, Gerard},
  title     = {Trapping Molecules on a Chip in Traveling Potential Wells},
  journal   = {Phys. Rev. Lett.},
  year      = {2008},
  volume    = {100},
  pages     = {153003},
  month     = {4},
  doi       = {10.1103/PhysRevLett.100.153003},
  groups    = {Meijer Molecule Chip, Mike's Reading List},
  issue     = {15},
  keywords  = {molecule chip},
  numpages  = {4},
  publisher = {American Physical Society},
  url       = {https://link.aps.org/doi/10.1103/PhysRevLett.100.153003},
}

@Article{Meek2009,
  author    = {Meek, Samuel A. and Conrad, Horst and Meijer, Gerard},
  title     = {Trapping Molecules on a Chip},
  journal   = {Science},
  year      = {2009},
  volume    = {324},
  number    = {5935},
  pages     = {1699--1702},
  issn      = {0036-8075},
  doi       = {10.1126/science.1175975},
  url       = {http://science.sciencemag.org/content/324/5935/1699},
  groups    = {Meijer Molecule Chip, Mike's Reading List},
  keywords  = {molecule chip},
  publisher = {American Association for the Advancement of Science},
}

@Article{doi:10.1002/cphc.201001007,
  author   = {Gabriele Santambrogio and Samuel A. Meek and Mark J. Abel and Liam M. Duffy and Gerard Meijer},
  title    = {Driving Rotational Transitions in Molecules on a Chip},
  journal  = {ChemPhysChem},
  year     = {2011},
  volume   = {12},
  number   = {10},
  pages    = {1799-1807},
  doi      = {10.1002/cphc.201001007},
  groups   = {Meijer Molecule Chip, Mike's Reading List},
  keywords = {carbon monoxide, electric fields, molecular beams, polarity, quantum state transitions, molecule chip},
  url      = {https://onlinelibrary.wiley.com/doi/abs/10.1002/cphc.201001007},
}

@Article{Folman2000,
  author    = {Folman, Ron and Kr\"uger, Peter and Cassettari, Donatella and Hessmo, Bj\"orn and Maier, Thomas and Schmiedmayer, J\"org},
  title     = {Controlling Cold Atoms using Nanofabricated Surfaces: Atom Chips},
  doi       = {10.1103/PhysRevLett.84.4749},
  issue     = {20},
  pages     = {4749--4752},
  url       = {https://link.aps.org/doi/10.1103/PhysRevLett.84.4749},
  volume    = {84},
  groups    = {Mike's Reading List, Atom Chips},
  journal   = {Phys. Rev. Lett.},
  month     = {5},
  numpages  = {0},
  publisher = {American Physical Society},
  year      = {2000},
}

@Article{Bernon2013,
  author    = {Bernon, Simon and Hattermann, Helge and Bothner, Daniel and Knufinke, Martin and Weiss, Patrizia and Jessen, Florian and Cano, Daniel and Kemmler, Matthias and Kleiner, Reinhold and Koelle, Dieter and Fort{\'a}gh, J{\'o}zsefx},
  title     = {Manipulation and coherence of ultra-cold atoms on a superconducting atom chip},
  pages     = {2380},
  url       = {http://dx.doi.org/10.1038/ncomms3380},
  volume    = {4},
  groups    = {Mike's Reading List},
  journal   = {Nature Communications},
  month     = {8},
  publisher = {Nature Publishing Group, a division of Macmillan Publishers Limited. All Rights Reserved.},
  year      = {2013},
}

@Book{2011Ac,
  title     = {Atom chips},
  publisher = {Wiley-VCH},
  year      = {2011},
  author    = {Jakob Reichel and Vladan Vuleti\'c},
  groups    = {U trap, Atom Chips},
}

@Article{Wallraff2004,
  author    = {Wallraff, A. and Schuster, D. I. and Blais, A. and Frunzio, L. and Huang, R.-S. and Majer, J. and Kumar, S. and Girvin, S. M. and Schoelkopf, R. J.},
  title     = {Strong coupling of a single photon to a superconducting qubit using circuit quantum electrodynamics},
  pages     = {162},
  url       = {http://dx.doi.org/10.1038/nature02851},
  volume    = {431},
  groups    = {MW Stuff},
  journal   = {Nature},
  month     = sep,
  publisher = {Macmillian Magazines Ltd.},
  year      = {2004},
}

@Article{DeMille2002,
  author    = {DeMille, D.},
  title     = {Quantum Computation with Trapped Polar Molecules},
  journal   = {Phys. Rev. Lett.},
  year      = {2002},
  volume    = {88},
  pages     = {067901},
  month     = {1},
  doi       = {10.1103/PhysRevLett.88.067901},
  issue     = {6},
  numpages  = {4},
  publisher = {American Physical Society},
  url       = {https://link.aps.org/doi/10.1103/PhysRevLett.88.067901},
}

@Article{PhysRevA.92.063408,
  author    = {Marx, S. and Adu Smith, D. and Insero, G. and Meek, S. A. and Sartakov, B. G. and Meijer, G. and Santambrogio, G.},
  title     = {Measuring and manipulating the temperature of cold molecules trapped on a chip},
  journal   = {Phys. Rev. A},
  year      = {2015},
  volume    = {92},
  pages     = {063408},
  month     = {12},
  doi       = {10.1103/PhysRevA.92.063408},
  groups    = {Meijer Molecule Chip},
  issue     = {6},
  keywords  = {molecule chip},
  numpages  = {7},
  publisher = {American Physical Society},
  url       = {https://link.aps.org/doi/10.1103/PhysRevA.92.063408},
}

@Article{Marx2013,
  author    = {Marx, S. and Adu Smith, D. and Abel, M. J. and Zehentbauer, T. and Meijer, G. and Santambrogio, G.},
  title     = {Imaging Cold Molecules on a Chip},
  journal   = {Phys. Rev. Lett.},
  year      = {2013},
  volume    = {111},
  pages     = {243007},
  month     = {12},
  doi       = {10.1103/PhysRevLett.111.243007},
  groups    = {Meijer Molecule Chip},
  issue     = {24},
  keywords  = {molecule chip},
  numpages  = {5},
  publisher = {American Physical Society},
  url       = {https://link.aps.org/doi/10.1103/PhysRevLett.111.243007},
}

@Article{doi:10.1080/00268976.2012.683885,
  author    = {Mark J. Abel and Silvio Marx and Gerard Meijer and Gabriele Santambrogio},
  title     = {Vibrationally exciting molecules trapped on a microchip},
  doi       = {10.1080/00268976.2012.683885},
  number    = {15-16},
  pages     = {1829-1837},
  url       = {https://doi.org/10.1080/00268976.2012.683885},
  volume    = {110},
  groups    = {Meijer Molecule Chip},
  journal   = {Molecular Physics},
  keywords  = {molecule chip},
  publisher = {Taylor \& Francis},
  year      = {2012},
}

@Article{1367-2630-11-5-055024,
  author   = {Samuel A Meek and Horst Conrad and Gerard Meijer},
  title    = {A Stark decelerator on a chip},
  number   = {5},
  pages    = {055024},
  url      = {http://stacks.iop.org/1367-2630/11/i=5/a=055024},
  volume   = {11},
  groups   = {Meijer Molecule Chip},
  journal  = {New Journal of Physics},
  keywords = {molecule chip},
  year     = {2009},
}

@Article{Meek2011,
  author    = {Meek, Samuel A. and Santambrogio, Gabriele and Sartakov, Boris G. and Conrad, Horst and Meijer, Gerard},
  title     = {Suppression of nonadiabatic losses of molecules from chip-based microtraps},
  journal   = {Phys. Rev. A},
  year      = {2011},
  volume    = {83},
  pages     = {033413},
  month     = {3},
  doi       = {10.1103/PhysRevA.83.033413},
  groups    = {Meijer Molecule Chip},
  issue     = {3},
  keywords  = {molecule chip},
  numpages  = {10},
  publisher = {American Physical Society},
  url       = {https://link.aps.org/doi/10.1103/PhysRevA.83.033413},
}

@Article{Chu1986,
  author    = {Chu, Steven and Bjorkholm, J. E. and Ashkin, A. and Cable, A.},
  title     = {Experimental Observation of Optically Trapped Atoms},
  journal   = {Phys. Rev. Lett.},
  year      = {1986},
  volume    = {57},
  pages     = {314--317},
  month     = {7},
  doi       = {10.1103/PhysRevLett.57.314},
  groups    = {Meijer Molecule Chip, Early atom cooling},
  issue     = {3},
  numpages  = {0},
  publisher = {American Physical Society},
  url       = {https://link.aps.org/doi/10.1103/PhysRevLett.57.314},
}

@Article{Bethlem1999,
  author    = {Bethlem, Hendrick L. and Berden, Giel and Meijer, Gerard},
  title     = {Decelerating Neutral Dipolar Molecules},
  journal   = {Phys. Rev. Lett.},
  year      = {1999},
  volume    = {83},
  pages     = {1558--1561},
  month     = {8},
  doi       = {10.1103/PhysRevLett.83.1558},
  issue     = {8},
  keywords  = {stak decelerator},
  numpages  = {0},
  publisher = {American Physical Society},
  url       = {https://link.aps.org/doi/10.1103/PhysRevLett.83.1558},
}

@Article{Shuman2010,
  author    = {Shuman, E. S. and Barry, J. F. and DeMille, D.},
  title     = {Laser cooling of a diatomic molecule},
  journal   = {Nature},
  year      = {2010},
  volume    = {467},
  pages     = {820},
  month     = sep,
  groups    = {DeMille Cold Molecules},
  publisher = {Nature Publishing Group, a division of Macmillan Publishers Limited. All Rights Reserved.},
  url       = {http://dx.doi.org/10.1038/nature09443},
}

@Article{1367-2630-11-5-055049,
  author   = {Lincoln D Carr and David DeMille and Roman V Krems and Jun Ye},
  title    = {Cold and ultracold molecules: science, technology and applications},
  number   = {5},
  pages    = {055049},
  url      = {http://stacks.iop.org/1367-2630/11/i=5/a=055049},
  volume   = {11},
  journal  = {New Journal of Physics},
  year     = {2009},
}

@Article{Shuman2009,
  author    = {Shuman, E. S. and Barry, J. F. and Glenn, D. R. and DeMille, D.},
  title     = {Radiative Force from Optical Cycling on a Diatomic Molecule},
  doi       = {10.1103/PhysRevLett.103.223001},
  issue     = {22},
  pages     = {223001},
  url       = {https://link.aps.org/doi/10.1103/PhysRevLett.103.223001},
  volume    = {103},
  groups    = {DeMille Cold Molecules},
  journal   = {Phys. Rev. Lett.},
  month     = {11},
  numpages  = {4},
  publisher = {American Physical Society},
  year      = {2009},
}

@Article{Chu1998,
  author    = {Chu, Steven},
  title     = {Nobel Lecture: The manipulation of neutral particles},
  journal   = {Rev. Mod. Phys.},
  year      = {1998},
  volume    = {70},
  pages     = {685--706},
  month     = {7},
  doi       = {10.1103/RevModPhys.70.685},
  issue     = {3},
  numpages  = {0},
  publisher = {American Physical Society},
  url       = {https://link.aps.org/doi/10.1103/RevModPhys.70.685},
}

@Article{PhysRevA.89.053416,
  author    = {Zhelyazkova, V. and Cournol, A. and Wall, T. E. and Matsushima, A. and Hudson, J. J. and Hinds, E. A. and Tarbutt, M. R. and Sauer, B. E.},
  title     = {Laser cooling and slowing of CaF molecules},
  journal   = {Phys. Rev. A},
  year      = {2014},
  volume    = {89},
  pages     = {053416},
  month     = {5},
  doi       = {10.1103/PhysRevA.89.053416},
  issue     = {5},
  numpages  = {5},
  publisher = {American Physical Society},
  url       = {https://link.aps.org/doi/10.1103/PhysRevA.89.053416},
}

@Book{Levitt2008,
  title     = {Spin Dynamics: Basics of Nuclear Magnetic Resonance},
  publisher = {Wiley},
  year      = {2008},
  author    = {Levitt, M.H.},
  isbn      = {9780470517123},
  url       = {https://books.google.co.uk/books?id=Bgwo\_JTgb64C},
}

@Article{0953-4075-49-17-174001,
  author  = {Boerge Hemmerling and Eunmi Chae and Aakash Ravi and Loic Anderegg and Garrett K Drayna and Nicholas R Hutzler and Alejandra L Collopy and Jun Ye and Wolfgang Ketterle and John M Doyle},
  title   = {Laser slowing of CaF molecules to near the capture velocity of a molecular MOT},
  number  = {17},
  pages   = {174001},
  url     = {http://stacks.iop.org/0953-4075/49/i=17/a=174001},
  volume  = {49},
  journal = {Journal of Physics B: Atomic, Molecular and Optical Physics},
  year    = {2016},
}

@Article{1367-2630-11-5-055038,
  author   = {S K Tokunaga and J M Dyne and E A Hinds and M R Tarbutt},
  title    = {Stark deceleration of lithium hydride molecules},
  number   = {5},
  pages    = {055038},
  url      = {http://stacks.iop.org/1367-2630/11/i=5/a=055038},
  volume   = {11},
  journal  = {New Journal of Physics},
  keywords = {Stark},
  year     = {2009},
}

@Article{Fulton2006,
  author    = {Fulton, R. and Bishop, A. I. and Shneider, M. N. and Barker, P. F.},
  title     = {Controlling the motion of cold molecules with deep periodic optical potentials},
  journal   = {Nature Physics},
  year      = {2006},
  volume    = {2},
  pages     = {465},
  month     = jun,
  publisher = {Nature Publishing Group},
  url       = {http://dx.doi.org/10.1038/nphys339},
}

@Article{Narevicius2008,
  author    = {Narevicius, Edvardas and Libson, Adam and Parthey, Christian G. and Chavez, Isaac and Narevicius, Julia and Even, Uzi and Raizen, Mark G.},
  title     = {Stopping supersonic oxygen with a series of pulsed electromagnetic coils: A molecular coilgun},
  journal   = {Phys. Rev. A},
  year      = {2008},
  volume    = {77},
  pages     = {051401},
  month     = {5},
  doi       = {10.1103/PhysRevA.77.051401},
  issue     = {5},
  numpages  = {4},
  publisher = {American Physical Society},
  url       = {https://link.aps.org/doi/10.1103/PhysRevA.77.051401},
}

@Article{Kozyryev2017,
  author    = {Kozyryev, Ivan and Baum, Louis and Matsuda, Kyle and Augenbraun, Benjamin L. and Anderegg, Loic and Sedlack, Alexander P. and Doyle, John M.},
  title     = {Sisyphus Laser Cooling of a Polyatomic Molecule},
  journal   = {Phys. Rev. Lett.},
  year      = {2017},
  volume    = {118},
  pages     = {173201},
  month     = {4},
  doi       = {10.1103/PhysRevLett.118.173201},
  issue     = {17},
  keywords  = {polarisation cooling},
  numpages  = {6},
  publisher = {American Physical Society},
  url       = {https://link.aps.org/doi/10.1103/PhysRevLett.118.173201},
}

@Article{Weinstein1998,
  author    = {Weinstein, Jonathan D. and deCarvalho, Robert and Guillet, Thierry and Friedrich, Bretislav and Doyle, John M.},
  title     = {Magnetic trapping of calcium monohydride molecules at millikelvin temperatures},
  journal   = {Nature},
  year      = {1998},
  volume    = {395},
  pages     = {148},
  month     = sep,
  keywords  = {buffer gas cooling},
  publisher = {Macmillan Magazines Ltd.},
  url       = {http://dx.doi.org/10.1038/25949},
}

@Article{Pirkkalainen2013,
  author    = {Pirkkalainen, J.-M. and Cho, S. U. and Li, Jian and Paraoanu, G.
               S. and Hakonen, P. J. and Sillanp{\"a}{\"a}, M. A.},
  title     = {Hybrid circuit cavity quantum electrodynamics with a micromechanical resonator},
  journal   = {Nature},
  year      = {2013},
  volume    = {494},
  pages     = {211},
  month     = feb,
  groups    = {Misc. Hybrid Systems},
  publisher = {Nature Publishing Group, a division of Macmillan Publishers Limited. All Rights Reserved.},
  url       = {http://dx.doi.org/10.1038/nature11821},
}

@Article{Amsuess2011,
  author    = {Ams\"uss, R. and Koller, Ch. and N\"obauer, T. and Putz, S. and Rotter, S. and Sandner, K. and Schneider, S. and Schramb\"ock, M. and Steinhauser, G. and Ritsch, H. and Schmiedmayer, J. and Majer, J.},
  title     = {Cavity QED with Magnetically Coupled Collective Spin States},
  journal   = {Phys. Rev. Lett.},
  year      = {2011},
  volume    = {107},
  pages     = {060502},
  month     = {8},
  doi       = {10.1103/PhysRevLett.107.060502},
  groups    = {Misc. Hybrid Systems},
  issue     = {6},
  numpages  = {5},
  publisher = {American Physical Society},
  url       = {https://link.aps.org/doi/10.1103/PhysRevLett.107.060502},
}

@InCollection{FOLMAN2002263,
  author    = {Ron Folman and Peter Kr{\"u}ger and J{\"o}rg Schmiedmayer and Johannes Denschlag and Carsten Henkel},
  title     = {Microscopic Atom Optics: From Wires to an Atom Chip},
  doi       = {https://doi.org/10.1016/S1049-250X(02)80011-8},
  editor    = {Benjamin Bederson and Herbert Walther},
  pages     = {263 - 356},
  publisher = {Academic Press},
  series    = {Advances In Atomic, Molecular, and Optical Physics},
  url       = {http://www.sciencedirect.com/science/article/pii/S1049250X02800118},
  volume    = {48},
  groups    = {Atom Chips},
  issn      = {1049-250X},
  year      = {2002},
}

@Article{doi:10.1080/00107514.2015.1063233,
  author    = {David Jennings and Matthew Leifer},
  title     = {No return to classical reality},
  doi       = {10.1080/00107514.2015.1063233},
  eprint    = {https://doi.org/10.1080/00107514.2015.1063233},
  number    = {1},
  pages     = {60-82},
  url       = {https://doi.org/10.1080/00107514.2015.1063233},
  volume    = {57},
  journal   = {Contemporary Physics},
  publisher = {Taylor \& Francis},
  year      = {2016},
}

@Article{RevModPhys.79.235,
  author    = {Fort\'agh, J\'ozsef and Zimmermann, Claus},
  title     = {Magnetic microtraps for ultracold atoms},
  journal   = {Rev. Mod. Phys.},
  year      = {2007},
  volume    = {79},
  pages     = {235--289},
  month     = {2},
  doi       = {10.1103/RevModPhys.79.235},
  groups    = {Atom Chips},
  issue     = {1},
  numpages  = {0},
  publisher = {American Physical Society},
  url       = {https://link.aps.org/doi/10.1103/RevModPhys.79.235},
}

@Article{Dekker2000,
  author    = {Dekker, N. H. and Lee, C. S. and Lorent, V. and Thywissen, J. H. and Smith, S. P. and Drndi\ifmmode \acute{c}\else \'{c}\fi{}, M. and Westervelt, R. M. and Prentiss, M.},
  title     = {Guiding Neutral Atoms on a Chip},
  journal   = {Phys. Rev. Lett.},
  year      = {2000},
  volume    = {84},
  pages     = {1124--1127},
  month     = {2},
  doi       = {10.1103/PhysRevLett.84.1124},
  groups    = {Atom Chips},
  issue     = {6},
  numpages  = {0},
  publisher = {American Physical Society},
  url       = {https://link.aps.org/doi/10.1103/PhysRevLett.84.1124},
}

@Article{Hattermann2017,
  author   = {Hattermann, H. and Bothner, D. and Ley, L. Y. and Ferdinand, B.
              and Wiedmaier, D. and S{\'a}rk{\'a}ny, L. and Kleiner, R. and
              Koelle, D. and For{\'a}gh, J.},
  title    = {Coupling ultracold atoms to a superconducting coplanar waveguide resonator},
  issn     = {2041-1723},
  number   = {1},
  pages    = {2254},
  url      = {https://doi.org/10.1038/s41467-017-02439-7},
  volume   = {8},
  groups   = {Atom Chips},
  journal  = {Nature Communications},
  month    = {12},
  refid    = {Hattermann2017},
  year     = {2017},
}

@Article{Ott2001,
  author    = {Ott, H. and Fortagh, J. and Schlotterbeck, G. and Grossmann, A. and Zimmermann, C.},
  title     = {Bose-Einstein Condensation in a Surface Microtrap},
  doi       = {10.1103/PhysRevLett.87.230401},
  issue     = {23},
  pages     = {230401},
  url       = {https://link.aps.org/doi/10.1103/PhysRevLett.87.230401},
  volume    = {87},
  groups    = {Atom Chips},
  journal   = {Phys. Rev. Lett.},
  month     = {11},
  numpages  = {4},
  publisher = {American Physical Society},
  year      = {2001},
}

@Article{Gustavson2001,
  author    = {Gustavson, T. L. and Chikkatur, A. P. and Leanhardt, A. E. and G\"orlitz, A. and Gupta, S. and Pritchard, D. E. and Ketterle, W.},
  title     = {Transport of Bose-Einstein Condensates with Optical Tweezers},
  journal   = {Phys. Rev. Lett.},
  year      = {2001},
  volume    = {88},
  pages     = {020401},
  month     = {12},
  doi       = {10.1103/PhysRevLett.88.020401},
  groups    = {Atom Chips},
  issue     = {2},
  numpages  = {4},
  publisher = {American Physical Society},
  url       = {https://link.aps.org/doi/10.1103/PhysRevLett.88.020401},
}

@Article{Maxwell2005,
  author    = {Maxwell, S. E. and Brahms, N. and deCarvalho, R. and Glenn, D. R. and Helton, J. S. and Nguyen, S. V. and Patterson, D. and Petricka, J. and DeMille, D. and Doyle, J. M.},
  title     = {High-Flux Beam Source for Cold, Slow Atoms or Molecules},
  journal   = {Phys. Rev. Lett.},
  year      = {2005},
  volume    = {95},
  pages     = {173201},
  month     = {10},
  doi       = {10.1103/PhysRevLett.95.173201},
  groups    = {DeMille Cold Molecules},
  issue     = {17},
  numpages  = {4},
  publisher = {American Physical Society},
  url       = {https://link.aps.org/doi/10.1103/PhysRevLett.95.173201},
}

@Article{Nirrengarten2006,
  author    = {Nirrengarten, T. and Qarry, A. and Roux, C. and Emmert, A. and Nogues, G. and Brune, M. and Raimond, J.-M. and Haroche, S.},
  title     = {Realization of a Superconducting Atom Chip},
  doi       = {10.1103/PhysRevLett.97.200405},
  issue     = {20},
  pages     = {200405},
  url       = {https://link.aps.org/doi/10.1103/PhysRevLett.97.200405},
  volume    = {97},
  ids       = {PhysRevLett.97.200405},
  journal   = {Phys. Rev. Lett.},
  month     = {11},
  numpages  = {4},
  publisher = {American Physical Society},
  year      = {2006},
}

@Article{sperlingandwalmsley,
  author = {Sperling, J and Walmsley, Ian},
  title  = {Classical evolution of quantum systems},
  year   = {2018},
  month  = {02},
}

@Article{Kubo2011,
  author    = {Kubo, Y. and Grezes, C. and Dewes, A. and Umeda, T. and Isoya, J. and Sumiya, H. and Morishita, N. and Abe, H. and Onoda, S. and Ohshima, T. and Jacques, V. and Dr\'eau, A. and Roch, J.-F. and Diniz, I. and Auffeves, A. and Vion, D. and Esteve, D. and Bertet, P.},
  title     = {Hybrid Quantum Circuit with a Superconducting Qubit Coupled to a Spin Ensemble},
  journal   = {Phys. Rev. Lett.},
  year      = {2011},
  volume    = {107},
  pages     = {220501},
  month     = {11},
  doi       = {10.1103/PhysRevLett.107.220501},
  issue     = {22},
  numpages  = {5},
  publisher = {American Physical Society},
  url       = {https://link.aps.org/doi/10.1103/PhysRevLett.107.220501},
}

@Article{1402-4896-2009-T137-014001,
  author   = {M Wallquist and K Hammerer and P Rabl and M Lukin and P Zoller},
  title    = {Hybrid quantum devices and quantum engineering},
  journal  = {Physica Scripta},
  year     = {2009},
  volume   = {2009},
  number   = {T137},
  pages    = {014001},
  url      = {http://stacks.iop.org/1402-4896/2009/i=T137/a=014001},
}

@MastersThesis{Monk2018,
  author = {David Monk},
  title  = {Designing a Chip-based Electric Trap for Ultracold Molecules},
  year   = {2018},
  month  = {April},
  school = {Imperial College, London},
}

@MastersThesis{anonICmasters1,
  author = {Anonymised},
  title  = {Designing a mesoscopic quantum processor using ultracold CaF molecules},
  year   = {2018},
  month  = {April},
  school = {Imperial College, London},
}

@Article{Hinds2001,
  author    = {Hinds, E. A. and Vale, C. J. and Boshier, M. G.},
  title     = {Two-Wire Waveguide and Interferometer for Cold Atoms},
  journal   = {Phys. Rev. Lett.},
  year      = {2001},
  volume    = {86},
  pages     = {1462--1465},
  month     = {2},
  doi       = {10.1103/PhysRevLett.86.1462},
  groups    = {Atom Chips},
  issue     = {8},
  numpages  = {0},
  publisher = {American Physical Society},
  url       = {https://link.aps.org/doi/10.1103/PhysRevLett.86.1462},
}

@Article{Reichel1999,
  author    = {Reichel, J. and H\"ansel, W. and H\"ansch, T. W.},
  title     = {Atomic Micromanipulation with Magnetic Surface Traps},
  doi       = {10.1103/PhysRevLett.83.3398},
  issue     = {17},
  pages     = {3398--3401},
  url       = {https://link.aps.org/doi/10.1103/PhysRevLett.83.3398},
  volume    = {83},
  groups    = {Atom Chips, U trap},
  journal   = {Phys. Rev. Lett.},
  month     = {10},
  numpages  = {0},
  publisher = {American Physical Society},
  year      = {1999},
}

@Article{Hui2008,
  author   = {Yan Hui and Yang Guo-Qing and Wang Jin and Zhan Ming-Sheng},
  title    = {Directly Trapping Atoms in a U-Shaped Magneto-Optical Trap Using a Mini Atom Chip},
  journal  = {Chinese Physics Letters},
  year     = {2008},
  volume   = {25},
  number   = {9},
  pages    = {3219},
  url      = {http://stacks.iop.org/0256-307X/25/i=9/a=034},
  groups   = {Atom Chips, U trap},
}

@Article{Reichel2002,
  author   = {Reichel, J.},
  title    = {Microchip traps and Bose--Einstein condensation},
  doi      = {10.1007/s003400200861},
  issn     = {1432-0649},
  number   = {6},
  pages    = {469--487},
  url      = {https://doi.org/10.1007/s003400200861},
  volume   = {74},
  day      = {01},
  groups   = {U trap, Atom Chips},
  journal  = {Applied Physics B},
  month    = {4},
  year     = {2002},
}

@Article{Schwindt2005,
  author    = {Schwindt, Peter D. D. and Cornell, Eric A. and Kishimoto, Tetsuo and Wang, Ying-Ju and Anderson, Dana Z.},
  title     = {Efficient loading of a magnetic waveguide on an atom chip},
  journal   = {Phys. Rev. A},
  year      = {2005},
  volume    = {72},
  issue     = {2},
  month     = {8},
  pages     = {023612},
  doi       = {10.1103/PhysRevA.72.023612},
  url       = {https://link.aps.org/doi/10.1103/PhysRevA.72.023612},
  groups    = {Atom Chips},
  numpages  = {8},
  publisher = {American Physical Society},
}

@Article{Boehi2009,
  author    = {B\"ohi, Pascal and Riedel, Max F. and Hoffrogge, Johannes and
               Reichel, Jakob and H{\"a}nsch, Theodor W. and Treutlein, Philipp},
  title     = {Coherent manipulation of Bose-Einstein condensates with state-dependent microwave potentials on an atom chip},
  journal   = {Nature Physics},
  year      = {2009},
  volume    = {5},
  pages     = {592},
  month     = jul,
  groups    = {Atom Chips},
  publisher = {Nature Publishing Group},
  url       = {http://dx.doi.org/10.1038/nphys1329},
}

@PhdThesis{Hanselz2000,
  author = {vorgelegt von Wolfgang Hänsel aus Konstanz},
  title  = {Magnetische Mikrofallen für Rubidiumatome},
  year   = {2000},
}

@PhdThesis{Treutlein2008,
  author      = {Philipp Treutlein},
  title       = {Coherent manipulation of ultracold atoms on atom chips},
  institution = {Max-Planck-Institut f{\"u}r Quantenoptik},
  year        = {2008},
  groups      = {Atom Chips},
  school      = {Max-Planck-Institut f{\"u}r Quantenoptik},
}

@Article{Dalibard:89,
  author    = {J. Dalibard and C. Cohen-Tannoudji},
  title     = {Laser cooling below the Doppler limit by polarization gradients: simple theoretical models},
  journal   = {J. Opt. Soc. Am. B},
  year      = {1989},
  volume    = {6},
  number    = {11},
  pages     = {2023--2045},
  month     = {11},
  doi       = {10.1364/JOSAB.6.002023},
  groups    = {Early atom cooling},
  keywords  = {Doppler effect; Electric fields; Laser beams; Laser light; Optical Bloch equations; Optical cooling},
  publisher = {OSA},
  url       = {http://josab.osa.org/abstract.cfm?URI=josab-6-11-2023},
}

@Article{Lee:96,
  author    = {K. I. Lee and J. A. Kim and H. R. Noh and W. Jhe},
  title     = {Single-beam atom trap in a pyramidal and conical hollow mirror},
  journal   = {Opt. Lett.},
  year      = {1996},
  volume    = {21},
  number    = {15},
  pages     = {1177--1179},
  month     = {8},
  doi       = {10.1364/OL.21.001177},
  keywords  = {Circular polarization; Diode lasers; Frequency modulated lasers; Laser beams; Laser sources; Magnetic fields},
  publisher = {OSA},
  url       = {http://ol.osa.org/abstract.cfm?URI=ol-21-15-1177},
}

@Article{Wing1980,
  author    = {Wing, William H.},
  title     = {Electrostatic Trapping of Neutral Atomic Particles},
  journal   = {Phys. Rev. Lett.},
  year      = {1980},
  volume    = {45},
  pages     = {631--634},
  month     = {8},
  doi       = {10.1103/PhysRevLett.45.631},
  issue     = {8},
  numpages  = {0},
  publisher = {American Physical Society},
  url       = {https://link.aps.org/doi/10.1103/PhysRevLett.45.631},
}

@Article{Krueger2003,
  author    = {Kr\"uger, P. and Luo, X. and Klein, M. W. and Brugger, K. and Haase, A. and Wildermuth, S. and Groth, S. and Bar-Joseph, I. and Folman, R. and Schmiedmayer, J.},
  title     = {Trapping and Manipulating Neutral Atoms with Electrostatic Fields},
  journal   = {Phys. Rev. Lett.},
  year      = {2003},
  volume    = {91},
  pages     = {233201},
  month     = {12},
  doi       = {10.1103/PhysRevLett.91.233201},
  issue     = {23},
  numpages  = {4},
  publisher = {American Physical Society},
  url       = {https://link.aps.org/doi/10.1103/PhysRevLett.91.233201},
}

@Article{Bergeman1987,
  author    = {Bergeman, T. and Erez, Gidon and Metcalf, Harold J.},
  title     = {Magnetostatic trapping fields for neutral atoms},
  doi       = {10.1103/PhysRevA.35.1535},
  issue     = {4},
  pages     = {1535--1546},
  url       = {https://link.aps.org/doi/10.1103/PhysRevA.35.1535},
  volume    = {35},
  groups    = {Early atom cooling},
  journal   = {Phys. Rev. A},
  month     = {2},
  numpages  = {0},
  publisher = {American Physical Society},
  year      = {1987},
}

@Book{Metcalf1999,
  title     = {Laser cooling and trapping},
  publisher = {Springer-Verlag New York},
  year      = {1999},
  author    = {Harold J. Metcalf and Peter van der Straten},
  edition   = {1},
  isbn      = {978-0-387-98728-6},
  doi       = {10.1007/978-1-4612-1470-0},
}

@Book{Griffiths2017,
  title     = {Introduction to Electrodynamics},
  publisher = {Cambridge University Press},
  year      = {2017},
  author    = {Griffiths, D.J.},
  isbn      = {9781108357142},
  url       = {https://books.google.co.uk/books?id=Kh4xDwAAQBAJ},
}

@Article{RAMIREZMARTINEZ2011247,
  author   = {F. Ram{\'i}rez-Mart{\'i}nez and C. Lacro{\^u}te and P. Rosenbusch and F. Reinhard and C. Deutsch and T. Schneider and J. Reichel},
  title    = {Compact frequency standard using atoms trapped on a chip},
  journal  = {Advances in Space Research},
  year     = {2011},
  volume   = {47},
  number   = {2},
  pages    = {247 - 252},
  issn     = {0273-1177},
  doi      = {https://doi.org/10.1016/j.asr.2010.04.014},
  keywords = {Atomic clock, Atom chip, Compact clock, Ultra-cold atoms, Rubidium},
  url      = {http://www.sciencedirect.com/science/article/pii/S0273117710002553},
}

@Article{Liueaar7797,
  author    = {Liu, L. R. and Hood, J. D. and Yu, Y. and Zhang, J. T. and Hutzler, N. R. and Rosenband, T. and Ni, K.-K.},
  title     = {Building one molecule from a reservoir of two atoms},
  journal   = {Science},
  year      = {2018},
  issn      = {0036-8075},
  doi       = {10.1126/science.aar7797},
  eprint    = {http://science.sciencemag.org/content/early/2018/04/11/science.aar7797.full.pdf},
  publisher = {American Association for the Advancement of Science},
  url       = {http://science.sciencemag.org/content/early/2018/04/11/science.aar7797},
}

@Article{Brink2006,
  author    = {Brink, D. M. and Sukumar, C. V.},
  title     = {Majorana spin-flip transitions in a magnetic trap},
  journal   = {Phys. Rev. A},
  year      = {2006},
  volume    = {74},
  pages     = {035401},
  month     = {9},
  doi       = {10.1103/PhysRevA.74.035401},
  issue     = {3},
  numpages  = {4},
  publisher = {American Physical Society},
  url       = {https://link.aps.org/doi/10.1103/PhysRevA.74.035401},
}

@Manual{COMSOL,
  title        = {COMSOL Multiphysics v. 5.3},
  author       = {COMSOL AB},
  organization = {COMSOL AB},
  address      = {Stockholm, Sweden.},
  url          = {www.comsol.com},
}

@Article{KOBE2017460,
  author   = {Olebogeng Bone Kobe and Joseph Chuma and Rodrigo Jamisola and Matthews Chose},
  title    = {A review on quality factor enhanced on-chip microwave planar resonators},
  journal  = {Engineering Science and Technology, an International Journal},
  year     = {2017},
  volume   = {20},
  number   = {2},
  pages    = {460 - 466},
  issn     = {2215-0986},
  doi      = {https://doi.org/10.1016/j.jestch.2016.09.024},
  keywords = {Quality factor, Microstrips, SIW, Planar, Integration},
  url      = {http://www.sciencedirect.com/science/article/pii/S2215098616303226},
}

@Article{BLANES2002313,
  author   = {S. Blanes and P.C. Moan},
  title    = {Practical symplectic partitioned Runge-Kutta and
              Runge-Kutta-Nystr{\"o}m methods},
  journal  = {Journal of Computational and Applied Mathematics},
  year     = {2002},
  volume   = {142},
  number   = {2},
  pages    = {313 - 330},
  issn     = {0377-0427},
  doi      = {https://doi.org/10.1016/S0377-0427(01)00492-7},
  keywords = {Differential equations, Geometric integrators, Partitioned
              Runge-Kutta, Runge-Kutta-Nystr{\"o}m, Optimised efficiency},
  url      = {http://www.sciencedirect.com/science/article/pii/S0377042701004927},
}

@Article{Fernholz2008,
  author    = {Fernholz, T. and Gerritsma, R. and Whitlock, S. and Barb, I. and Spreeuw, R. J. C.},
  title     = {Fully permanent magnet atom chip for Bose-Einstein condensation},
  journal   = {Phys. Rev. A},
  year      = {2008},
  volume    = {77},
  pages     = {033409},
  month     = {3},
  doi       = {10.1103/PhysRevA.77.033409},
  issue     = {3},
  numpages  = {7},
  publisher = {American Physical Society},
  url       = {https://link.aps.org/doi/10.1103/PhysRevA.77.033409},
}

@Article{Truppe2017a,
  author   = {S Truppe and H J Williams and N J Fitch and M Hambach and T E Wall and E A Hinds and B E Sauer and M R Tarbutt},
  title    = {An intense, cold, velocity-controlled molecular beam by frequency-chirped laser slowing},
  journal  = {New Journal of Physics},
  year     = {2017},
  volume   = {19},
  number   = {2},
  pages    = {022001},
  groups   = {CCM Papers},
  url      = {http://stacks.iop.org/1367-2630/19/i=2/a=022001},
}

@Article{Nshii2013,
  author    = {Nshii, C. C. and Vangeleyn, M. and Cotter, J. P. and Griffin, P. F. and Hinds, E. A. and Ironside, C. N. and See, P. and Sinclair, A. G. and Riis, E. and Arnold, A. S.},
  title     = {A surface-patterned chip as a strong source of ultracold atoms for quantum technologies},
  journal   = {Nature Nanotechnology},
  year      = {2013},
  volume    = {8},
  pages     = {321},
  month     = apr,
  groups    = {Atom Chips, CCM Papers},
  publisher = {Nature Publishing Group},
  url       = {https://doi.org/10.1038/nnano.2013.47},
}

@Article{Cotter2016,
  author   = {Cotter, J. P. and McGilligan, J. P. and Griffin, P. F. and Rabey, I. M. and Docherty, K. and Riis, E. and Arnold, A. S. and Hinds, E. A.},
  title    = {Design and fabrication of diffractive atom chips for laser cooling and trapping},
  journal  = {Applied Physics B},
  year     = {2016},
  volume   = {122},
  number   = {6},
  pages    = {172},
  month    = {6},
  issn     = {1432-0649},
  day      = {01},
  doi      = {10.1007/s00340-016-6415-y},
  groups   = {CCM Papers, Atom Chips},
  url      = {https://doi.org/10.1007/s00340-016-6415-y},
}

@Article{1367-2630-17-1-015007,
  author   = {M R Tarbutt},
  title    = {Magneto-optical trapping forces for atoms and molecules with complex level structures},
  journal  = {New Journal of Physics},
  year     = {2015},
  volume   = {17},
  number   = {1},
  pages    = {015007},
  groups   = {CCM Papers},
  url      = {http://stacks.iop.org/1367-2630/17/i=1/a=015007},
}

@Article{Barker,
  author = {D. S. Barker, E. B. Norrgard, N. N. Klimov, J. A. Fedchak, J. Scherschligt, S. Eckel},
  title  = {A single-beam Zeeman slower and magneto-optical trap using a nanofabricated grating},
  url    = {https://arxiv.org/abs/1811.09180},
}

@Article{PhysRevLett.116.063004,
  author    = {Norrgard, E. B. and McCarron, D. J. and Steinecker, M. H. and Tarbutt, M. R. and DeMille, D.},
  title     = {Submillikelvin Dipolar Molecules in a Radio-Frequency Magneto-Optical Trap},
  journal   = {Phys. Rev. Lett.},
  year      = {2016},
  volume    = {116},
  pages     = {063004},
  month     = {2},
  doi       = {10.1103/PhysRevLett.116.063004},
  groups    = {CCM Papers},
  issue     = {6},
  numpages  = {6},
  publisher = {American Physical Society},
  url       = {https://link.aps.org/doi/10.1103/PhysRevLett.116.063004},
}

@Article{PhysRevA.98.043432,
  author    = {Jarvis, K. N. and Sauer, B. E. and Tarbutt, M. R.},
  title     = {Characteristics of unconventional Rb magneto-optical traps},
  journal   = {Phys. Rev. A},
  year      = {2018},
  volume    = {98},
  pages     = {043432},
  month     = {10},
  doi       = {10.1103/PhysRevA.98.043432},
  groups    = {CCM Papers},
  issue     = {4},
  numpages  = {8},
  publisher = {American Physical Society},
  url       = {https://link.aps.org/doi/10.1103/PhysRevA.98.043432},
}

@Article{PhysRevLett.120.083201,
  author    = {Jarvis, K. N. and Devlin, J. A. and Wall, T. E. and Sauer, B. E. and Tarbutt, M. R.},
  title     = {Blue-Detuned Magneto-Optical Trap},
  doi       = {10.1103/PhysRevLett.120.083201},
  issue     = {8},
  pages     = {083201},
  url       = {https://link.aps.org/doi/10.1103/PhysRevLett.120.083201},
  volume    = {120},
  groups    = {CCM Papers, CCM Journal Club},
  journal   = {Phys. Rev. Lett.},
  month     = {2},
  numpages  = {5},
  publisher = {American Physical Society},
  year      = {2018},
}

@Article{1367-2630-18-12-123017,
  author   = {J A Devlin and M R Tarbutt},
  title    = {Three-dimensional Doppler, polarization-gradient, and magneto-optical forces for atoms and molecules with dark states},
  journal  = {New Journal of Physics},
  year     = {2016},
  volume   = {18},
  number   = {12},
  pages    = {123017},
  groups   = {CCM Papers},
  url      = {http://stacks.iop.org/1367-2630/18/i=12/a=123017},
}

@Article{Reichel2001,
  author   = {Reichel, J. and H{\"a}nsel, W. and Hommelhoff, P. and H{\"a}nsch, T.W.},
  title    = {Applications of integrated magnetic microtraps},
  journal  = {Applied Physics B},
  year     = {2001},
  volume   = {72},
  number   = {1},
  pages    = {81--89},
  month    = {1},
  issn     = {1432-0649},
  day      = {01},
  doi      = {10.1007/s003400000460},
  groups   = {CCM Papers},
  url      = {https://doi.org/10.1007/s003400000460},
}

@Article{Haensel2001,
  author    = {H{\"a}nsel, W. and Hommelhoff, P. and H{\"a}nsch, T. W. and Reichel, J.},
  title     = {Bose-Einstein condensation on a microelectronic chip},
  journal   = {Nature},
  year      = {2001},
  volume    = {413},
  pages     = {498},
  month     = oct,
  publisher = {Macmillan Magazines Ltd.},
  url       = {https://doi.org/10.1038/35097032},
}

@Article{Colombe2007,
  author    = {Colombe, Yves and Steinmetz, Tilo and Dubois, Guilhem and Linke, Felix and Hunger, David and Reichel, Jakob},
  title     = {Strong atom-field coupling for Bose-Einstein condensates in an optical cavity on a chip},
  journal   = {Nature},
  year      = {2007},
  volume    = {450},
  pages     = {272},
  month     = nov,
  publisher = {Nature Publishing Group},
  url       = {https://doi.org/10.1038/nature06331},
}

@Article{WilliamsMagnetic2018,
  author    = {Williams, H. J. and Caldwell, L. and Fitch, N. J. and Truppe, S. and Rodewald, J. and Hinds, E. A. and Sauer, B. E. and Tarbutt, M. R.},
  title     = {Magnetic Trapping and Coherent Control of Laser-Cooled Molecules},
  doi       = {10.1103/PhysRevLett.120.163201},
  issue     = {16},
  pages     = {163201},
  url       = {https://link.aps.org/doi/10.1103/PhysRevLett.120.163201},
  volume    = {120},
  groups    = {CCM Papers},
  journal   = {Phys. Rev. Lett.},
  month     = {4},
  numpages  = {6},
  publisher = {American Physical Society},
  year      = {2018},
}

@Article{bouchiat1998quantum,
  author    = {Bouchiat, Vincent and Vion, D and Joyez, Ph and Esteve, D and Devoret, MH},
  title     = {Quantum coherence with a single Cooper pair},
  journal   = {Physica Scripta},
  year      = {1998},
  volume    = {1998},
  number    = {T76},
  pages     = {165},
  groups    = {MW Stuff},
  publisher = {IOP Publishing},
}

@Article{doi:10.1063/1.4808364,
  author  = {Li,Shao-Xiong and Kycia,J. B.},
  title   = {Applying a direct current bias to superconducting microwave resonators by using superconducting quarter wavelength band stop filters},
  doi     = {10.1063/1.4808364},
  eprint  = {https://doi.org/10.1063/1.4808364},
  number  = {24},
  pages   = {242601},
  url     = {https://doi.org/10.1063/1.4808364},
  volume  = {102},
  groups  = {MW Stuff},
  journal = {Applied Physics Letters},
  year    = {2013},
}

@Article{doi:10.1063/1.3010859,
  author  = {G{\"o}ppl,M. and Fragner,A. and Baur,M. and Bianchetti,R. and Filipp,S. and Fink,J. M. and Leek,P. J. and Puebla,G. and Steffen,L. and Wallraff,A.},
  title   = {Coplanar waveguide resonators for circuit quantum electrodynamics},
  journal = {Journal of Applied Physics},
  year    = {2008},
  volume  = {104},
  number  = {11},
  pages   = {113904},
  doi     = {10.1063/1.3010859},
  eprint  = {https://doi.org/10.1063/1.3010859},
  url     = {https://doi.org/10.1063/1.3010859},
  groups  = {MW Stuff},
}

@Article{doi:10.1063/1.3573824,
  author  = {Chen,Fei and Sirois,A. J. and Simmonds,R. W. and Rimberg,A. J.},
  title   = {Introduction of a dc bias into a high-Q superconducting microwave cavity},
  doi     = {10.1063/1.3573824},
  eprint  = {https://doi.org/10.1063/1.3573824},
  number  = {13},
  pages   = {132509},
  url     = {https://doi.org/10.1063/1.3573824},
  volume  = {98},
  groups  = {MW Stuff},
  journal = {Applied Physics Letters},
  year    = {2011},
}

@Article{375223,
  author   = {S. Gevorgian and L. J. P. Linner and E. L. Kollberg},
  title    = {CAD models for shielded multilayered CPW},
  journal  = {IEEE Transactions on Microwave Theory and Techniques},
  year     = {1995},
  volume   = {43},
  number   = {4},
  pages    = {772-779},
  month    = {April},
  issn     = {0018-9480},
  doi      = {10.1109/22.375223},
  groups   = {MW Stuff},
  keywords = {coplanar waveguides;modelling;CAD;capacitance;electric impedance;permittivity;electrical engineering computing;waveguide theory;CAD models;shielded multilayered CPW;conformal mapping technique;characteristic impedance;relative effective dielectric permittivity;coplanar waveguides;capacitance;Coplanar waveguides;Capacitance;Optical waveguides;Dielectric substrates;Permittivity;Conformal mapping;Strips;Impedance;Microwave devices;Frequency},
}

@Article{Blackmore_2018,
  author    = {Jacob A Blackmore and Luke Caldwell and Philip D Gregory and Elizabeth M Bridge and Rahul Sawant and Jes{\'{u}}s Aldegunde and Jordi Mur-Petit and Dieter Jaksch and Jeremy M Hutson and B E Sauer and M R Tarbutt and Simon L Cornish},
  title     = {Ultracold molecules for quantum simulation: rotational coherences in {CaF} and {RbCs}},
  journal   = {Quantum Science and Technology},
  year      = {2018},
  volume    = {4},
  number    = {1},
  pages     = {014010},
  month     = {12},
  doi       = {10.1088/2058-9565/aaee35},
  groups    = {CCM Papers},
  publisher = {{IOP} Publishing},
  url       = {https://doi.org/10.1088%2F2058-9565%2Faaee35},
}

@Article{PhysRevB.94.235157,
  author    = {Vijay, Sagar and Haah, Jeongwan and Fu, Liang},
  title     = {Fracton topological order, generalized lattice gauge theory, and duality},
  journal   = {Phys. Rev. B},
  year      = {2016},
  volume    = {94},
  pages     = {235157},
  month     = {12},
  doi       = {10.1103/PhysRevB.94.235157},
  groups    = {chohort9_project},
  issue     = {23},
  numpages  = {9},
  publisher = {American Physical Society},
  url       = {https://link.aps.org/doi/10.1103/PhysRevB.94.235157},
}

@Article{Weinstein,
  author = {Zack Weinstein, Emilio Cobanera, Gerardo Ortiz, Zohar Nussinov},
  title  = {Absence of Finite Temperature Phase Transitions in the X-Cube Model and its Zp Generalization},
  url    = {https://arxiv.org/abs/1812.04561},
  groups = {chohort9_project},
}

@Article{You,
  author = {Yizhi You},
  title  = {Non-Abelian defects in Fracton phase of matter},
  groups = {chohort9_project},
}

@Article{Brown,
  author = {Benjamin J. Brown, Dominic J. Williamson},
  title  = {Parallelized quantum error correction with fracton topological codes},
  groups = {chohort9_project},
}

@Article{LahtinenV2017ASIt,
  author    = {Lahtinen, V and Pachos, Jk},
  title     = {A Short Introduction to Topological Quantum Computation},
  year      = {2017},
  issn      = {2542-4653},
  groups    = {chohort9_project},
  publisher = {SciPost Foundation},
  url       = {http://eprints.whiterose.ac.uk/138504/7/A%20Short%20Introduction%20to%20Topological%20Quantum%20Computation.pdf},
}

@Article{1127105,
  author   = {C. P. Wen},
  title    = {Coplanar Waveguide: A Surface Strip Transmission Line Suitable for Nonreciprocal Gyromagnetic Device Applications},
  doi      = {10.1109/TMTT.1969.1127105},
  issn     = {0018-9480},
  number   = {12},
  pages    = {1087-1090},
  volume   = {17},
  groups   = {MW Stuff},
  journal  = {IEEE Transactions on Microwave Theory and Techniques},
  keywords = {Coplanar waveguides;Surface waves;Strips;Coplanar transmission lines;Gyromagnetism;Dielectric substrates;Electrodes;Magnetic devices;Magnetic resonance;High-K gate dielectrics},
  month    = {12},
  year     = {1969},
}

@InProceedings{335175,
  author    = {S. R. Taub and P. Young},
  title     = {Temperature dependent performance of coplanar waveguide (CPW) on substrates of various materials},
  booktitle = {1994 IEEE MTT-S International Microwave Symposium Digest (Cat. No.94CH3389-4)},
  year      = {1994},
  pages     = {1049-1051 vol.2},
  month     = {5},
  doi       = {10.1109/MWSYM.1994.335175},
  groups    = {MW Stuff},
  issn      = {0149-645X},
  keywords  = {transmission line theory;microstrip lines;permittivity;cryogenics;microwave measurement;temperature dependent performance;coplanar waveguide;substrates;attenuation;effective dielectric constant;coplanar waveguide transmission lines;high-resistivity silicon;diamond substrates;temperature;frequency;cryogenic probe station;NASA;gold CPW lines;superconducting CPW lines;Au;C;Coplanar waveguides;Temperature dependence;Attenuation;Superconducting transmission lines;Dielectric constant;Coplanar transmission lines;Silicon;Dielectric substrates;Frequency;Cryogenics},
}

@Book{Simons2004,
  author    = {Simons, R.N.},
  title     = {Coplanar Waveguide Circuits, Components, and Systems},
  year      = {2004},
  series    = {Wiley Series in Microwave and Optical Engineering},
  publisher = {Wiley},
  isbn      = {9780471463931},
  url       = {https://books.google.co.uk/books?id=XgNMZ5YVJdgC},
  groups    = {MW Stuff},
  lccn      = {00043812},
}

@Article{1125652,
  author   = {H. P. {Hsu}},
  title    = {On The General Relation Between /spl alpha/ and Q (Correspondence)},
  journal  = {IEEE Transactions on Microwave Theory and Techniques},
  year     = {1963},
  volume   = {11},
  number   = {4},
  pages    = {258-258},
  month    = {July},
  issn     = {0018-9480},
  doi      = {10.1109/TMTT.1963.1125652},
  groups   = {MW Stuff},
  keywords = {Varactors;Microwave devices;Automatic frequency control;Voltage;Attenuation;Power transmission lines;Semiconductor diodes;Q factor;Propagation constant;Resonance},
}

@Article{1717770,
  author   = {J. {Krupka} and J. {Breeze} and A. {Centeno} and N. {Alford} and T. {Claussen} and L. {Jensen}},
  title    = {Measurements of Permittivity, Dielectric Loss Tangent, and Resistivity of Float-Zone Silicon at Microwave Frequencies},
  doi      = {10.1109/TMTT.2006.883655},
  issn     = {0018-9480},
  number   = {11},
  pages    = {3995-4001},
  volume   = {54},
  groups   = {MW Stuff, Materials},
  journal  = {IEEE Transactions on Microwave Theory and Techniques},
  keywords = {dielectric loss measurement;dielectric resonators;electrical resistivity;permittivity measurement;silicon;permittivity measurement;dielectric loss tangent measurement;resistivity measurement;float zone silicon;microwave frequencies;dielectric resonator;10 to 400 K;Dielectric loss measurement;Dielectric measurements;Permittivity measurement;Microwave measurements;Frequency measurement;Loss measurement;Dielectric losses;Conductivity;Silicon;Microwave frequencies;Conductivity measurement;dielectric losses;dielectric resonators;permittivity measurement;silicon;semiconductor materials measurements},
  month    = {11},
  year     = {2006},
}

@Article{L.Cao2013,
  author  = {L. Cao and A. S. Grimault-Jacquin and F. Aniel},
  title   = {Comparison and Optimization of Dispersion, and Losses of Planar Waveguides on Benzocyclobutene (Bcb) at THz Frequencies: Coplanar Waveguide (CPW), Microstrip, Stripline and Slotline,},
  journal = {Progress In Electromagnetics Research B},
  year    = {2013},
  volume  = {56},
  pages   = {161-183},
  doi     = {10.2528/PIERB13072603},
  groups  = {MW Stuff},
}

@Book{Collin2007,
  author    = {Collin, R.E.},
  title     = {Foundations for microwave engineering},
  year      = {2007},
  edition   = {2},
  publisher = {Wiley India Pvt. Limited},
  isbn      = {9788126515288},
  url       = {https://books.google.co.uk/books?id=coBpP2SLiZQC},
  groups    = {Atom Chips, MW Stuff},
}

@Book{Jackson1975,
  title     = {Classical electrodynamics},
  publisher = {Wiley},
  year      = {1975},
  author    = {Jackson, J.D.},
  isbn      = {9780471431329},
  lccn      = {75009962},
  url       = {https://books.google.co.uk/books?id=\_7rvAAAAMAAJ},
}

@Article{Frankel1991,
  author   = {M. Y. {Frankel} and S. {Gupta} and J. A. {Valdmanis} and G. A. {Mourou}},
  title    = {Terahertz attenuation and dispersion characteristics of coplanar transmission lines},
  journal  = {IEEE Transactions on Microwave Theory and Techniques},
  year     = {1991},
  volume   = {39},
  number   = {6},
  month    = {6},
  pages    = {910-916},
  issn     = {0018-9480},
  doi      = {10.1109/22.81658},
  groups   = {MW Stuff},
  keywords = {dispersion (wave);electromagnetic wave absorption;guided electromagnetic wave propagation;strip lines;transient response;waveguide theory;semiinsulating semiconductor substrate;CPW;TH/sub z/ range;dispersion characteristics;coplanar transmission lines;electrical transient signals;frequency domain;terahertz range;full-wave analysis;transient time-domain propagation;external electrooptic sampling technique;Fourier transforms;phase information;frequency;attenuation characteristics;strip transmission lines;dielectric substrate materials;Attenuation;Time domain analysis;Power system transients;Coplanar transmission lines;Semiconductor materials;Signal analysis;Transient analysis;Frequency domain analysis;Steady-state;Sampling methods},
}

@Article{Booth1999,
  author   = {J. C. {Booth} and C. L. {Holloway}},
  title    = {Conductor loss in superconducting planar structures: calculations and measurements},
  journal  = {IEEE Transactions on Microwave Theory and Techniques},
  year     = {1999},
  volume   = {47},
  number   = {6},
  pages    = {769-774},
  month    = {June},
  issn     = {0018-9480},
  doi      = {10.1109/22.769349},
  groups   = {MW Stuff},
  keywords = {superconducting microwave devices;superconducting transmission lines;coplanar transmission lines;coplanar waveguides;microstrip lines;losses;high-temperature superconductors;transmission line theory;conductor loss;superconducting planar structures;closed-form expressions;attenuation constant;superconducting coplanar waveguide;superconducting CPW;superconducting microstrip transmission lines;arbitrary conductor thickness;HTSC;Conductors;Superconducting transmission lines;High temperature superconductors;Conducting materials;Attenuation;Propagation losses;Coplanar transmission lines;Circuits;Closed-form solution;Coplanar waveguides},
}

@Article{doi:10.1063/1.3552890,
  author  = {Sage,Jeremy M. and Bolkhovsky,Vladimir and Oliver,William D. and Turek,Benjamin and Welander,Paul B.},
  title   = {Study of loss in superconducting coplanar waveguide resonators},
  doi     = {10.1063/1.3552890},
  eprint  = {https://doi.org/10.1063/1.3552890},
  number  = {6},
  pages   = {063915},
  url     = {https://doi.org/10.1063/1.3552890},
  volume  = {109},
  groups  = {MW Stuff},
  journal = {Journal of Applied Physics},
  year    = {2011},
}

@InProceedings{335101,
  author    = {A. C. {Reyes} and S. M. {El-Ghazaly} and S. {Dorn} and M. {Dydyk} and D. K. {Schroder}},
  title     = {Silicon as a microwave substrate},
  booktitle = {1994 IEEE MTT-S International Microwave Symposium Digest (Cat. No.94CH3389-4)},
  year      = {1994},
  pages     = {1759-1762 vol.3},
  month     = {5},
  doi       = {10.1109/MWSYM.1994.335101},
  groups    = {MW Stuff},
  issn      = {0149-645X},
  keywords  = {silicon;elemental semiconductors;substrates;losses;MMIC;electrical conductivity of crystalline semiconductors and insulators;microwave substrate material;resistivity;coplanar transmission line;CPW losses;loss mechanisms;Si;Silicon;Substrates;Gallium arsenide;Costs;Conductivity;Propagation losses;Coplanar waveguides;Microwave theory and techniques;Microwave technology;Transmission line measurements},
}

@InProceedings{Hu1996,
  author    = {Z. R. {Hu} and V. F. {Fusco} and Y. {Wu} and H. G. {Gamble} and B. M. {Armstrong} and J. A. C. {Stewart}},
  title     = {Contact effects on HF loss of CPW high resistivity silicon lines},
  booktitle = {1996 IEEE MTT-S International Microwave Symposium Digest},
  year      = {1996},
  volume    = {1},
  pages     = {299-302 vol.1},
  month     = {June},
  doi       = {10.1109/MWSYM.1996.508516},
  groups    = {MW Stuff},
  issn      = {0149-645X},
  keywords  = {silicon;elemental semiconductors;coplanar waveguides;losses;contact effects;HF loss;high resistivity silicon;quiescent DC bias voltage;CPW line;HRS substrate;active devices;line interconnects;I-V characteristics;Si;Hafnium;Coplanar waveguides;Conductivity;Silicon;Voltage;Substrates;Ohmic contacts;Gold;Monitoring;Probes},
}

@Article{752108,
  author   = {and S. {Gamble} and B. M. {Armstrong} and V. F. {Fusco} and J. A. C. {Stewart}},
  title    = {SiO/sub 2/ interface layer effects on microwave loss of high-resistivity CPW line},
  journal  = {IEEE Microwave and Guided Wave Letters},
  year     = {1999},
  volume   = {9},
  number   = {1},
  pages    = {10-12},
  month    = {1},
  issn     = {1051-8207},
  doi      = {10.1109/75.752108},
  groups   = {MW Stuff},
  keywords = {coplanar waveguides;losses;silicon;silicon compounds;leakage currents;insulating thin films;MMIC;MIS structures;SiO/sub 2/ interface layer effects;microwave loss;high-resistivity CPW line;coplanar waveguide line;metal conductor;Si substrate;DC bias;DC leakage current;continuous SiO/sub 2/ layer;CPW metallization;MOS C-V analysis;induced charge layer;line losses;noncontinuous SiO/sub 2/ layer;Si MMIC;30 GHz;SiO/sub 2/-Si;Si;Coplanar waveguides;Substrates;Conductors;Leakage current;Conductivity;Capacitance-voltage characteristics;Insulation;Conducting materials;Silicon;Metal-insulator structures},
}

@Article{MAJUMDAR20101157,
  author   = {Payal Majumdar and A.K. Verma},
  title    = {Accurate CAD model of stopping distance to compute conductor loss of CPW},
  journal  = {AEU - International Journal of Electronics and Communications},
  year     = {2010},
  volume   = {64},
  number   = {12},
  pages    = {1157 - 1166},
  issn     = {1434-8411},
  doi      = {https://doi.org/10.1016/j.aeue.2009.11.004},
  keywords = {Conductor loss, CPW, Attenuation, Coplanar waveguides},
  url      = {http://www.sciencedirect.com/science/article/pii/S1434841109003161},
}

@Article{4797887,
  author   = {G. N. {Lewis} and Z. {Moktadir} and C. {Gollasch} and M. {Kraft} and S. {Pollock} and F. {Ramirez-Martinez} and J. P. {Ashmore} and A. {Laliotis} and M. {Trupke} and E. A. {Hinds}},
  title    = {Fabrication of Magnetooptical Atom Traps on a Chip},
  journal  = {Journal of Microelectromechanical Systems},
  year     = {2009},
  volume   = {18},
  number   = {2},
  pages    = {347-353},
  month    = {4},
  issn     = {1057-7157},
  doi      = {10.1109/JMEMS.2008.2007200},
  groups   = {Atom Chips},
  keywords = {magneto-optical devices;microfabrication;micromechanical devices;radiation pressure;external macroscopic magnetooptical trap;microscopic traps;atom chips;concave pyramidal mirror;silicon wafer;square wire loop;microfabrication;Si;Fabrication;Magnetooptic devices;Optical arrays;Metrology;Information processing;Magnetic force microscopy;Optical losses;Silicon;Mirrors;Wire;Atom chips;cavity patterning;electrophoretic resist;magnetooptical traps (MOTs)},
}

@PhdThesis{rohtua,
  author      = {B{\"o}hi, Pascal Alexander},
  title       = {Coherent manipulation of ultracold atoms with microwave near-fields},
  institution = {Max-Planck-Institut f{\"u}r Quantenoptik},
  year        = {2010},
  month       = {03},
  groups      = {Atom Chips},
  school = {Max-Planck-Institut f{\"u}r Quantenoptik},
}

@PhdThesis{hansel2000magnetische,
  author = {H{\"a}nsel, Wolfgang},
  title  = {Magnetische mikrofallen fuer rubidiumatome},
  school = {lmu},
  year   = {2000},
  groups = {Atom Chips},
}

@PhdThesis{JarvisThesis2018,
  author      = {Jarvis, Kyle},
  title       = {The blue-detuned magneto-optical trap},
  institution = {Imperial College London},
  year        = {2018},
  groups      = {CCM Papers},
  school      = {Imperial College London},
}

@Article{Wood1759,
  author    = {Wood, C. S. and Bennett, S. C. and Cho, D. and Masterson, B. P. and Roberts, J. L. and Tanner, C. E. and Wieman, C. E.},
  title     = {Measurement of Parity Nonconservation and an Anapole Moment in Cesium},
  journal   = {Science},
  year      = {1997},
  volume    = {275},
  number    = {5307},
  pages     = {1759--1763},
  issn      = {0036-8075},
  doi       = {10.1126/science.275.5307.1759},
  eprint    = {https://science.sciencemag.org/content/275/5307/1759.full.pdf},
  groups    = {CCM Journal Club},
  publisher = {American Association for the Advancement of Science},
  url       = {https://science.sciencemag.org/content/275/5307/1759},
}

@Article{5734805,
  author   = {E. {McGibney} and J. {Barton} and L. {Floyd} and P. {Tassie} and J. {Barrett}},
  title    = {The High Frequency Electrical Properties of Interconnects on a Flexible Polyimide Substrate Including the Effects of Humidity},
  journal  = {IEEE Transactions on Components, Packaging and Manufacturing Technology},
  year     = {2011},
  volume   = {1},
  number   = {1},
  pages    = {4-15},
  month    = {1},
  issn     = {2156-3950},
  doi      = {10.1109/TCPMT.2010.2100731},
  groups   = {MW Stuff},
  keywords = {dielectric losses;flexible electronics;humidity;integrated circuit interconnections;microstrip lines;microwave resonators;permittivity;polymers;printed circuits;S-parameters;high frequency electrical properties;flexible polyimide substrate;humidity;flexible circuit board materials;radio frequency;high-speed digital systems;dielectric constant;loss tangent;electromagnetic simulation;high frequency flexible interconnects;microwave resonators;rigid circuit board materials;FR4;CER-10;conductor losses;microstrip transmission lines;s-parameters;electrical performance;relative permittivity;frequency 2 GHz to 18 GHz;Substrates;Dielectric loss measurement;Frequency measurement;Permittivity measurement;Loss measurement;Resonant frequency;Electrical characterization;flexible substrates;high frequency;material properties},
}

@InProceedings{517417,
  author    = {A. C. {Reyes} and S. M. {El-Ghazaly} and S. {Dorn} and M. {Dydyk} and D. K. {Schroder} and H. {Patterson}},
  title     = {High resistivity Si as a microwave substrate},
  booktitle = {1996 Proceedings 46th Electronic Components and Technology Conference},
  year      = {1996},
  pages     = {382-391},
  month     = {5},
  doi       = {10.1109/ECTC.1996.517417},
  groups    = {MW Stuff},
  issn      = {0569-5503},
  keywords  = {silicon;low-cost low-loss microwave substrate;coplanar waveguide;spiral inductor;meander line;coplanar transmission line;unloaded Q factor;high-resistivity silicon;semiconductor;Si;Conductivity;Substrates;Silicon;Gallium arsenide;Coplanar waveguides;Microwave measurements;Propagation losses;Transmission line measurements;Costs;Testing},
}

@InProceedings{1666171,
  author    = {E. {Savrun} and},
  title     = {High Thermal Conductivity Aluminum Nitride for High Power Microwave Windows - An Update},
  booktitle = {2006 IEEE International Vacuum Electronics Conference held Jointly with 2006 IEEE International Vacuum Electron Sources},
  year      = {2006},
  pages     = {35-35},
  month     = {April},
  doi       = {10.1109/IVELEC.2006.1666171},
  groups    = {MW Stuff},
  keywords  = {aluminium compounds;beryllium compounds;electric strength;III-V semiconductors;mechanical strength;microwave tubes;thermal conductivity;wide band gap semiconductors;thermal conductivity;aluminum nitride;high power microwave windows;dielectric strength;mechanical strength;ceramic materials;RF window;AlN;Al2O3;BeO;Thermal conductivity;Aluminum nitride;Dielectric losses;Thermal factors;Grain boundaries;Grain size;Ceramics;Radio frequency;Conducting materials;Dielectric materials;Aluminum nitride;ceramic;microwave window;RF window;thermal conductivity},
}

@Article{PhysRevLett.57.1688,
  author    = {Aspect, A. and Dalibard, J. and Heidmann, A. and Salomon, C. and Cohen-Tannoudji, C.},
  title     = {Cooling Atoms with Stimulated Emission},
  journal   = {Phys. Rev. Lett.},
  year      = {1986},
  volume    = {57},
  pages     = {1688--1691},
  month     = {10},
  doi       = {10.1103/PhysRevLett.57.1688},
  issue     = {14},
  numpages  = {0},
  publisher = {American Physical Society},
  url       = {https://link.aps.org/doi/10.1103/PhysRevLett.57.1688},
}

@Article{Sewell_2010,
  author    = {R J Sewell and J Dingjan and F Baumg{\"a}rtner and I Llorente-Garc{\'{\i}}a and S Eriksson and E A Hinds and G Lewis and P Srinivasan and Z Moktadir and C O Gollasch and M Kraft},
  title     = {Atom chip for {BEC} interferometry},
  journal   = {Journal of Physics B: Atomic, Molecular and Optical Physics},
  year      = {2010},
  volume    = {43},
  number    = {5},
  pages     = {051003},
  month     = {2},
  doi       = {10.1088/0953-4075/43/5/051003},
  groups    = {Atom Chips},
  publisher = {{IOP} Publishing},
  url       = {https://doi.org/10.1088%2F0953-4075%2F43%2F5%2F051003},
}

@Article{doi:10.1063/1.1804601,
  author  = {Groth,S. and Kr{\"u}ger,P. and Wildermuth,S. and Folman,R. and Fernholz,T. and Schmiedmayer,J. and Mahalu,D. and Bar-Joseph,I.},
  title   = {Atom chips: Fabrication and thermal properties},
  doi     = {10.1063/1.1804601},
  eprint  = {https://doi.org/10.1063/1.1804601},
  number  = {14},
  pages   = {2980-2982},
  url     = {https://doi.org/10.1063/1.1804601},
  volume  = {85},
  groups  = {Atom Chips},
  journal = {Applied Physics Letters},
  year    = {2004},
}

@Article{PhysRevLett.70.2253,
  author    = {Ketterle, Wolfgang and Davis, Kendall B. and Joffe, Michael A. and Martin, Alex and Pritchard, David E.},
  title     = {High densities of cold atoms in a dark spontaneous-force optical trap},
  journal   = {Phys. Rev. Lett.},
  year      = {1993},
  volume    = {70},
  pages     = {2253--2256},
  month     = {4},
  doi       = {10.1103/PhysRevLett.70.2253},
  groups    = {CCM Journal Club},
  issue     = {15},
  keywords  = {dark spot},
  numpages  = {0},
  publisher = {American Physical Society},
  url       = {https://link.aps.org/doi/10.1103/PhysRevLett.70.2253},
}

@Article{Anderegg2019,
  author  = {Lo{\"i}c Anderegg and Lawrence W. Cheuk and Yicheng Bao and Sean Burchesky and Wolfgang Ketterle and Kang-Kuen Ni and John M. Doyle},
  title   = {An optical tweezer array of ultracold molecules},
  doi     = {10.1126/science.aax1265},
  eprint  = {https://www.science.org/doi/pdf/10.1126/science.aax1265},
  number  = {6458},
  pages   = {1156-1158},
  url     = {https://www.science.org/doi/abs/10.1126/science.aax1265},
  volume  = {365},
  groups  = {CCM Journal Club},
  journal = {Science},
  year    = {2019},
}

@Article{PhysRevLett.51.1336,
  author    = {Pritchard, David E.},
  title     = {Cooling Neutral Atoms in a Magnetic Trap for Precision Spectroscopy},
  journal   = {Phys. Rev. Lett.},
  year      = {1983},
  volume    = {51},
  pages     = {1336--1339},
  month     = {10},
  doi       = {10.1103/PhysRevLett.51.1336},
  groups    = {Early atom cooling},
  issue     = {15},
  numpages  = {0},
  publisher = {American Physical Society},
  url       = {https://link.aps.org/doi/10.1103/PhysRevLett.51.1336},
}

@PhdThesis{Williams2018,
  author      = {Williams, Hannah},
  institution = {Imperial College London},
  title       = {Producing, trapping and controlling ultracold CaF molecules},
  url         = {http://hdl.handle.net/10044/1/62635},
  school      = {Imperial College London},
  year        = {2018},
}

@Article{PhysRevLett.80.4157,
  author    = {Hood, C. J. and Chapman, M. S. and Lynn, T. W. and Kimble, H. J.},
  title     = {Real-Time Cavity QED with Single Atoms},
  journal   = {Phys. Rev. Lett.},
  year      = {1998},
  volume    = {80},
  pages     = {4157--4160},
  month     = {5},
  doi       = {10.1103/PhysRevLett.80.4157},
  groups    = {Atom Chips},
  issue     = {19},
  numpages  = {0},
  publisher = {American Physical Society},
  url       = {https://link.aps.org/doi/10.1103/PhysRevLett.80.4157},
}

@Article{PhysRevLett.81.5310,
  author    = {Fortagh, J. and Grossmann, A. and Zimmermann, C. and H\"ansch, T. W.},
  title     = {Miniaturized Wire Trap for Neutral Atoms},
  journal   = {Phys. Rev. Lett.},
  year      = {1998},
  volume    = {81},
  pages     = {5310--5313},
  month     = {12},
  doi       = {10.1103/PhysRevLett.81.5310},
  groups    = {Atom Chips},
  issue     = {24},
  numpages  = {0},
  publisher = {American Physical Society},
  url       = {https://link.aps.org/doi/10.1103/PhysRevLett.81.5310},
}

@Article{PhysRevA.52.4004,
  author    = {Weinstein, J. D. and Libbrecht, K. G.},
  title     = {Microscopic magnetic traps for neutral atoms},
  journal   = {Phys. Rev. A},
  year      = {1995},
  volume    = {52},
  pages     = {4004--4009},
  month     = {11},
  doi       = {10.1103/PhysRevA.52.4004},
  issue     = {5},
  numpages  = {0},
  publisher = {American Physical Society},
  url       = {https://link.aps.org/doi/10.1103/PhysRevA.52.4004},
}

@Article{PhysRevLett.113.255301,
  author    = {Molony, Peter K. and Gregory, Philip D. and Ji, Zhonghua and Lu, Bo and K\"oppinger, Michael P. and Le Sueur, C. Ruth and Blackley, Caroline L. and Hutson, Jeremy M. and Cornish, Simon L.},
  title     = {Creation of Ultracold $^{87}\mathrm{Rb}^{133}\mathrm{Cs}$ Molecules in the Rovibrational Ground State},
  journal   = {Phys. Rev. Lett.},
  year      = {2014},
  volume    = {113},
  pages     = {255301},
  month     = {12},
  doi       = {10.1103/PhysRevLett.113.255301},
  groups    = {CCM Journal Club},
  issue     = {25},
  numpages  = {5},
  publisher = {American Physical Society},
  url       = {https://link.aps.org/doi/10.1103/PhysRevLett.113.255301},
}

@Article{PhysRevA.87.010703,
  author    = {Cho, Hung-Wen and McCarron, Daniel J. and K\"oppinger, Michael P. and Jenkin, Daniel L. and Butler, Kirsteen L. and Julienne, Paul S. and Blackley, Caroline L. and Le Sueur, C. Ruth and Hutson, Jeremy M. and Cornish, Simon L.},
  title     = {Feshbach spectroscopy of an ultracold mixture of ${}^{85}$Rb and ${}^{133}$Cs},
  journal   = {Phys. Rev. A},
  year      = {2013},
  volume    = {87},
  pages     = {010703},
  month     = {1},
  doi       = {10.1103/PhysRevA.87.010703},
  groups    = {CCM Journal Club},
  issue     = {1},
  numpages  = {5},
  publisher = {American Physical Society},
  url       = {https://link.aps.org/doi/10.1103/PhysRevA.87.010703},
}

@Article{PhysRevA.89.033604,
  author    = {K\"oppinger, Michael P. and McCarron, Daniel J. and Jenkin, Daniel L. and Molony, Peter K. and Cho, Hung-Wen and Cornish, Simon L. and Le Sueur, C. Ruth and Blackley, Caroline L. and Hutson, Jeremy M.},
  title     = {Production of optically trapped $^{87}\mathrm{RbCs}$ Feshbach molecules},
  journal   = {Phys. Rev. A},
  year      = {2014},
  volume    = {89},
  pages     = {033604},
  month     = {3},
  doi       = {10.1103/PhysRevA.89.033604},
  issue     = {3},
  numpages  = {8},
  publisher = {American Physical Society},
  url       = {https://link.aps.org/doi/10.1103/PhysRevA.89.033604},
}

@Article{PhysRevA.85.032506,
  author    = {Takekoshi, Tetsu and Debatin, Markus and Rameshan, Raffael and Ferlaino, Francesca and Grimm, Rudolf and N\"agerl, Hanns-Christoph and Le Sueur, C. Ruth and Hutson, Jeremy M. and Julienne, Paul S. and Kotochigova, Svetlana and Tiemann, Eberhard},
  title     = {Towards the production of ultracold ground-state RbCs molecules: Feshbach resonances, weakly bound states, and the coupled-channel model},
  journal   = {Phys. Rev. A},
  year      = {2012},
  volume    = {85},
  pages     = {032506},
  month     = {3},
  doi       = {10.1103/PhysRevA.85.032506},
  groups    = {CCM Journal Club},
  issue     = {3},
  numpages  = {14},
  publisher = {American Physical Society},
  url       = {https://link.aps.org/doi/10.1103/PhysRevA.85.032506},
}

@Article{PhysRevLett.41.1361,
  author    = {Bjorkholm, J. E. and Freeman, R. R. and Ashkin, A. and Pearson, D. B.},
  title     = {Observation of Focusing of Neutral Atoms by the Dipole Forces of Resonance-Radiation Pressure},
  journal   = {Phys. Rev. Lett.},
  year      = {1978},
  volume    = {41},
  pages     = {1361--1364},
  month     = {11},
  doi       = {10.1103/PhysRevLett.41.1361},
  issue     = {20},
  numpages  = {0},
  publisher = {American Physical Society},
  url       = {https://link.aps.org/doi/10.1103/PhysRevLett.41.1361},
}

@Article{RevModPhys.70.721,
  author    = {Phillips, William D.},
  title     = {Nobel Lecture: Laser cooling and trapping of neutral atoms},
  journal   = {Rev. Mod. Phys.},
  year      = {1998},
  volume    = {70},
  pages     = {721--741},
  month     = {7},
  doi       = {10.1103/RevModPhys.70.721},
  groups    = {Early atom cooling},
  issue     = {3},
  numpages  = {0},
  publisher = {American Physical Society},
  url       = {https://link.aps.org/doi/10.1103/RevModPhys.70.721},
}

@Article{McCarron_2018,
  author    = {Daniel McCarron},
  title     = {Laser cooling and trapping molecules},
  journal   = {Journal of Physics B: Atomic, Molecular and Optical Physics},
  year      = {2018},
  volume    = {51},
  number    = {21},
  pages     = {212001},
  month     = {10},
  doi       = {10.1088/1361-6455/aadfba},
  publisher = {{IOP} Publishing},
  url       = {https://doi.org/10.1088%2F1361-6455%2Faadfba},
}

@Article{PhysRevLett.48.596,
  author    = {Phillips, William D. and Metcalf, Harold},
  title     = {Laser Deceleration of an Atomic Beam},
  journal   = {Phys. Rev. Lett.},
  year      = {1982},
  volume    = {48},
  pages     = {596--599},
  month     = {3},
  doi       = {10.1103/PhysRevLett.48.596},
  groups    = {Early atom cooling},
  issue     = {9},
  numpages  = {0},
  publisher = {American Physical Society},
  url       = {https://link.aps.org/doi/10.1103/PhysRevLett.48.596},
}

@Article{PhysRevLett.59.2631,
  author    = {Raab, E. L. and Prentiss, M. and Cable, Alex and Chu, Steven and Pritchard, D. E.},
  title     = {Trapping of Neutral Sodium Atoms with Radiation Pressure},
  journal   = {Phys. Rev. Lett.},
  year      = {1987},
  volume    = {59},
  pages     = {2631--2634},
  month     = {12},
  doi       = {10.1103/PhysRevLett.59.2631},
  groups    = {Early atom cooling},
  issue     = {23},
  numpages  = {0},
  publisher = {American Physical Society},
  url       = {https://link.aps.org/doi/10.1103/PhysRevLett.59.2631},
}

@Article{DiRosa2004,
  author   = {Di Rosa, M. D.},
  title    = {Laser-cooling molecules},
  journal  = {The European Physical Journal D - Atomic, Molecular, Optical and Plasma Physics},
  year     = {2004},
  volume   = {31},
  number   = {2},
  pages    = {395--402},
  month    = {11},
  issn     = {1434-6079},
  day      = {01},
  doi      = {10.1140/epjd/e2004-00167-2},
  url      = {https://doi.org/10.1140/epjd/e2004-00167-2},
}

@Article{RevModPhys.70.1003,
  author    = {Bergmann, K. and Theuer, H. and Shore, B. W.},
  title     = {Coherent population transfer among quantum states of atoms and molecules},
  journal   = {Rev. Mod. Phys.},
  year      = {1998},
  volume    = {70},
  pages     = {1003--1025},
  month     = {7},
  doi       = {10.1103/RevModPhys.70.1003},
  issue     = {3},
  numpages  = {0},
  publisher = {American Physical Society},
  url       = {https://link.aps.org/doi/10.1103/RevModPhys.70.1003},
}

@Article{PhysRevLett.108.103002,
  author    = {Barry, J. F. and Shuman, E. S. and Norrgard, E. B. and DeMille, D.},
  title     = {Laser Radiation Pressure Slowing of a Molecular Beam},
  doi       = {10.1103/PhysRevLett.108.103002},
  issue     = {10},
  pages     = {103002},
  url       = {https://link.aps.org/doi/10.1103/PhysRevLett.108.103002},
  volume    = {108},
  journal   = {Phys. Rev. Lett.},
  month     = {3},
  numpages  = {5},
  publisher = {American Physical Society},
  year      = {2012},
}

@Article{PhysRevLett.54.2596,
  author    = {Migdall, Alan L. and Prodan, John V. and Phillips, William D. and Bergeman, Thomas H. and Metcalf, Harold J.},
  title     = {First Observation of Magnetically Trapped Neutral Atoms},
  journal   = {Phys. Rev. Lett.},
  year      = {1985},
  volume    = {54},
  pages     = {2596--2599},
  month     = {6},
  doi       = {10.1103/PhysRevLett.54.2596},
  groups    = {Early atom cooling},
  issue     = {24},
  numpages  = {0},
  publisher = {American Physical Society},
  url       = {https://link.aps.org/doi/10.1103/PhysRevLett.54.2596},
}

@Article{PhysRevA.61.061403,
  author    = {Ido, Tetsuya and Isoya, Yoshitomo and Katori, Hidetoshi},
  title     = {Optical-dipole trapping of Sr atoms at a high phase-space density},
  journal   = {Phys. Rev. A},
  year      = {2000},
  volume    = {61},
  pages     = {061403},
  month     = {5},
  doi       = {10.1103/PhysRevA.61.061403},
  issue     = {6},
  numpages  = {4},
  publisher = {American Physical Society},
  url       = {https://link.aps.org/doi/10.1103/PhysRevA.61.061403},
}

@Article{PhysRevA.47.R4567,
  author    = {Miller, J. D. and Cline, R. A. and Heinzen, D. J.},
  title     = {Far-off-resonance optical trapping of atoms},
  journal   = {Phys. Rev. A},
  year      = {1993},
  volume    = {47},
  pages     = {R4567--R4570},
  month     = {6},
  doi       = {10.1103/PhysRevA.47.R4567},
  issue     = {6},
  numpages  = {0},
  publisher = {American Physical Society},
  url       = {https://link.aps.org/doi/10.1103/PhysRevA.47.R4567},
}

@Article{Gross995,
  author    = {Gross, Christian and Bloch, Immanuel},
  title     = {Quantum simulations with ultracold atoms in optical lattices},
  journal   = {Science},
  year      = {2017},
  volume    = {357},
  number    = {6355},
  pages     = {995--1001},
  issn      = {0036-8075},
  doi       = {10.1126/science.aal3837},
  publisher = {American Association for the Advancement of Science},
  url       = {https://science.sciencemag.org/content/357/6355/995},
}

@Article{Bakr2009,
  author    = {Bakr, Waseem S. and Gillen, Jonathon I. and Peng, Amy and F{\"o}lling, Simon and Greiner, Markus},
  title     = {A quantum gas microscope for detecting single atoms in a Hubbard-regime optical lattice},
  journal   = {Nature},
  year      = {2009},
  volume    = {462},
  pages     = {74},
  month     = nov,
  publisher = {Macmillan Publishers Limited. All rights reserved},
  url       = {https://doi.org/10.1038/nature08482},
}

@Article{Ashkin:86,
  author    = {A. Ashkin and J. M. Dziedzic and J. E. Bjorkholm and Steven Chu},
  title     = {Observation of a single-beam gradient force optical trap for dielectric particles},
  journal   = {Opt. Lett.},
  year      = {1986},
  volume    = {11},
  number    = {5},
  pages     = {288--290},
  month     = {5},
  doi       = {10.1364/OL.11.000288},
  keywords  = {Laser beams; Optical trapping; Optical tweezers; Particle scattering; Radiation pressure; Scattering},
  publisher = {OSA},
  url       = {http://ol.osa.org/abstract.cfm?URI=ol-11-5-288},
}

@Article{PhysRevA.40.5103,
  author    = {Gentile, Thomas R. and Hughey, Barbara J. and Kleppner, Daniel and Ducas, Theodore W.},
  title     = {Experimental study of one- and two-photon Rabi oscillations},
  journal   = {Phys. Rev. A},
  year      = {1989},
  volume    = {40},
  pages     = {5103--5115},
  month     = {11},
  doi       = {10.1103/PhysRevA.40.5103},
  issue     = {9},
  numpages  = {0},
  publisher = {American Physical Society},
  url       = {https://link.aps.org/doi/10.1103/PhysRevA.40.5103},
}

@Article{Campbell90,
  author    = {Campbell, S. L. and Hutson, R. B. and Marti, G. E. and Goban, A. and Darkwah Oppong, N. and McNally, R. L. and Sonderhouse, L. and Robinson, J. M. and Zhang, W. and Bloom, B. J. and Ye, J.},
  title     = {A Fermi-degenerate three-dimensional optical lattice clock},
  journal   = {Science},
  year      = {2017},
  volume    = {358},
  number    = {6359},
  pages     = {90--94},
  issn      = {0036-8075},
  doi       = {10.1126/science.aam5538},
  eprint    = {https://science.sciencemag.org/content/358/6359/90.full.pdf},
  publisher = {American Association for the Advancement of Science},
  url       = {https://science.sciencemag.org/content/358/6359/90},
}

@Article{Tarbutt2018,
  author    = {M. R. Tarbutt},
  title     = {Laser cooling of molecules},
  doi       = {10.1080/00107514.2018.1576338},
  eprint    = {https://doi.org/10.1080/00107514.2018.1576338},
  number    = {4},
  pages     = {356-376},
  url       = {https://doi.org/10.1080/00107514.2018.1576338},
  volume    = {59},
  journal   = {Contemporary Physics},
  publisher = {Taylor \& Francis},
  year      = {2018},
}

@Article{Micheli2006,
  author   = {Micheli, A. and Brennen, G. K. and Zoller, P.},
  title    = {A toolbox for lattice-spin models with polar molecules},
  journal  = {Nature Physics},
  year     = {2006},
  volume   = {2},
  number   = {5},
  month    = may,
  pages    = {341--347},
  issn     = {1745-2481},
  url      = {https://doi.org/10.1038/nphys287},
  refid    = {Micheli2006},
}

@Article{Krems2008,
  author    = {Krems, R. V.},
  title     = {Cold controlled chemistry},
  journal   = {Phys. Chem. Chem. Phys.},
  year      = {2008},
  volume    = {10},
  pages     = {4079-4092},
  doi       = {10.1039/B802322K},
  issue     = {28},
  publisher = {The Royal Society of Chemistry},
  url       = {http://dx.doi.org/10.1039/B802322K},
}

@Article{Lim2018,
  author    = {Lim, J. and Almond, J. R. and Trigatzis, M. A. and Devlin, J. A. and Fitch, N. J. and Sauer, B. E. and Tarbutt, M. R. and Hinds, E. A.},
  title     = {Laser Cooled YbF Molecules for Measuring the Electron's Electric Dipole Moment},
  journal   = {Phys. Rev. Lett.},
  year      = {2018},
  volume    = {120},
  pages     = {123201},
  month     = {3},
  doi       = {10.1103/PhysRevLett.120.123201},
  groups    = {CCM Journal Club},
  issue     = {12},
  numpages  = {6},
  publisher = {American Physical Society},
  url       = {https://link.aps.org/doi/10.1103/PhysRevLett.120.123201},
}

@Article{Anderson198,
  author    = {Anderson, M. H. and Ensher, J. R. and Matthews, M. R. and Wieman, C. E. and Cornell, E. A.},
  title     = {Observation of Bose-Einstein Condensation in a Dilute Atomic Vapor},
  journal   = {Science},
  year      = {1995},
  volume    = {269},
  number    = {5221},
  pages     = {198--201},
  issn      = {0036-8075},
  doi       = {10.1126/science.269.5221.198},
  eprint    = {https://science.sciencemag.org/content/269/5221/198.full.pdf},
  publisher = {American Association for the Advancement of Science},
  url       = {https://science.sciencemag.org/content/269/5221/198},
}

@Article{Day2003,
  author   = {Day, Peter K. and LeDuc, Henry G. and Mazin, Benjamin A. and Vayonakis, Anastasios and Zmuidzinas, Jonas},
  title    = {A broadband superconducting detector suitable for use in large arrays},
  issn     = {1476-4687},
  number   = {6960},
  pages    = {817--821},
  url      = {https://doi.org/10.1038/nature02037},
  volume   = {425},
  groups   = {MW Stuff},
  journal  = {Nature},
  keywords = {CPW, resonator},
  month    = oct,
  refid    = {Day2003},
  year     = {2003},
}

@Misc{mw101,
  date   = {2022-02-08},
  title  = {Microwaves101},
  note   = {[Online; accessed 2022-02-08]},
  url    = {https://www.microwaves101.com},
  groups = {MW Stuff, Materials},
  year   = {2022},
}

@Article{PhysRevA.94.041403,
  author    = {Gregory, Philip D. and Aldegunde, Jesus and Hutson, Jeremy M. and Cornish, Simon L.},
  title     = {Controlling the rotational and hyperfine state of ultracold $^{87}\mathrm{Rb}^{133}\mathrm{Cs}$ molecules},
  journal   = {Phys. Rev. A},
  year      = {2016},
  volume    = {94},
  issue     = {4},
  month     = {10},
  pages     = {041403},
  doi       = {10.1103/PhysRevA.94.041403},
  url       = {https://link.aps.org/doi/10.1103/PhysRevA.94.041403},
  numpages  = {5},
  publisher = {American Physical Society},
}

@Article{Weitenberg2011,
  author    = {Weitenberg, Christof and Endres, Manuel and Sherson, Jacob F.
               and Cheneau, Marc and Schau{\ss}, Peter and Fukuhara, Takeshi and Bloch, Immanuel and Kuhr, Stefan},
  title     = {Single-spin addressing in an atomic Mott insulator},
  journal   = {Nature},
  year      = {2011},
  volume    = {471},
  month     = mar,
  pages     = {319},
  url       = {https://doi.org/10.1038/nature09827},
  publisher = {Nature Publishing Group, a division of Macmillan Publishers Limited. All Rights Reserved.},
}

@Article{DeMille990,
  author    = {DeMille, David and Doyle, John M. and Sushkov, Alexander O.},
  title     = {Probing the frontiers of particle physics with tabletop-scale experiments},
  journal   = {Science},
  year      = {2017},
  volume    = {357},
  number    = {6355},
  pages     = {990--994},
  issn      = {0036-8075},
  doi       = {10.1126/science.aal3003},
  eprint    = {https://science.sciencemag.org/content/357/6355/990.full.pdf},
  url       = {https://science.sciencemag.org/content/357/6355/990},
  publisher = {American Association for the Advancement of Science},
}

@Article{Browne2017,
  author  = {Browne, Dan and Bose, Sougato and Mintert, Florian and Kim, M. S},
  title   = {From Quantum Optics to Quantum Technologies},
  journal = {https://arxiv.org/abs/1707.02925},
  year    = {2017},
  url     = {https://arxiv.org/abs/1707.02925},
}

@Article{PhysRevA.56.R3350,
  author    = {Segev, B. and Co\^{}t\'e, R. and Raizen, M. G.},
  title     = {Quantum reflection from an atomic mirror},
  journal   = {Phys. Rev. A},
  year      = {1997},
  volume    = {56},
  issue     = {5},
  month     = {11},
  pages     = {R3350--R3353},
  doi       = {10.1103/PhysRevA.56.R3350},
  url       = {https://link.aps.org/doi/10.1103/PhysRevA.56.R3350},
  numpages  = {0},
  publisher = {American Physical Society},
}

@Article{PhysRevLett.92.063601,
  author    = {S\o{}rensen, Anders S. and van der Wal, Caspar H. and Childress, Lilian I. and Lukin, Mikhail D.},
  title     = {Capacitive Coupling of Atomic Systems to Mesoscopic Conductors},
  journal   = {Phys. Rev. Lett.},
  year      = {2004},
  volume    = {92},
  issue     = {6},
  month     = {2},
  pages     = {063601},
  doi       = {10.1103/PhysRevLett.92.063601},
  url       = {https://link.aps.org/doi/10.1103/PhysRevLett.92.063601},
  numpages  = {4},
  publisher = {American Physical Society},
}

@Book{Pain1999,
  author    = {Pain, H.J.},
  title     = {The Physics of Vibrations and Waves},
  year      = {1999},
  publisher = {Wiley},
  isbn      = {9780471985433},
  url       = {https://books.google.co.uk/books?id=3QqhQgAACAAJ},
  lccn      = {98036212},
}

@Article{RevModPhys.82.1225,
  author    = {Chin, Cheng and Grimm, Rudolf and Julienne, Paul and Tiesinga, Eite},
  title     = {Feshbach resonances in ultracold gases},
  journal   = {Rev. Mod. Phys.},
  year      = {2010},
  volume    = {82},
  issue     = {2},
  month     = {4},
  pages     = {1225--1286},
  doi       = {10.1103/RevModPhys.82.1225},
  url       = {https://link.aps.org/doi/10.1103/RevModPhys.82.1225},
  groups    = {CCM Journal Club},
  numpages  = {0},
  publisher = {American Physical Society},
}

@Article{RevModPhys.89.015006,
  author    = {Vitanov, Nikolay V. and Rangelov, Andon A. and Shore, Bruce W. and Bergmann, Klaas},
  title     = {Stimulated Raman adiabatic passage in physics, chemistry, and beyond},
  journal   = {Rev. Mod. Phys.},
  year      = {2017},
  volume    = {89},
  issue     = {1},
  month     = {3},
  pages     = {015006},
  doi       = {10.1103/RevModPhys.89.015006},
  url       = {https://link.aps.org/doi/10.1103/RevModPhys.89.015006},
  groups    = {CCM Journal Club},
  numpages  = {66},
  publisher = {American Physical Society},
}

@Article{Rosson2019,
  author = {Rosson, P. and Kiffner, M. and Mur-Petit, J. and Jaksch, D.},
  title  = {Supersolidity in finite-size dipolar Bose-Hubbard systems: a DMRG and machine-learning approach},
  year   = {2019},
  date   = {2019-06-14},
}

@Article{PhysRevLett.104.125301,
  author    = {Capogrosso-Sansone, B. and Trefzger, C. and Lewenstein, M. and Zoller, P. and Pupillo, G.},
  title     = {Quantum Phases of Cold Polar Molecules in 2D Optical Lattices},
  journal   = {Phys. Rev. Lett.},
  year      = {2010},
  volume    = {104},
  issue     = {12},
  month     = {3},
  pages     = {125301},
  doi       = {10.1103/PhysRevLett.104.125301},
  url       = {https://link.aps.org/doi/10.1103/PhysRevLett.104.125301},
  numpages  = {4},
  publisher = {American Physical Society},
}

@Report{QSUMMidterm,
  author      = {Cornish, S. L. and Hutson, J. M. and Tarbutt, M. R. and Clark, A. and Hinds, E. A. and Sauer, B. E. and Jaksch, D.},
  title       = {QSUM: Quantum Science with Ultracold Molecules Midterm Report (Year 2)},
  type        = {Funding report},
  institution = {Durham, Imperial, Oxford},
  year        = {2019},
}

@Article{PhysRevLett.120.103201,
  author    = {Marti, G. Edward and Hutson, Ross B. and Goban, Akihisa and Campbell, Sara L. and Poli, Nicola and Ye, Jun},
  title     = {Imaging Optical Frequencies with $100\text{ }\text{ }\ensuremath{\mu}\mathrm{Hz}$ Precision and $1.1\text{ }\text{ }\ensuremath{\mu}\mathrm{m}$ Resolution},
  doi       = {10.1103/PhysRevLett.120.103201},
  issue     = {10},
  pages     = {103201},
  url       = {https://link.aps.org/doi/10.1103/PhysRevLett.120.103201},
  volume    = {120},
  journal   = {Phys. Rev. Lett.},
  month     = {3},
  numpages  = {6},
  publisher = {American Physical Society},
  year      = {2018},
}

@Article{PhysRevA.98.063415,
  author    = {Devlin, J. A. and Tarbutt, M. R.},
  title     = {Laser cooling and magneto-optical trapping of molecules analyzed using optical Bloch equations and the Fokker-Planck-Kramers equation},
  journal   = {Phys. Rev. A},
  year      = {2018},
  volume    = {98},
  issue     = {6},
  month     = {12},
  pages     = {063415},
  doi       = {10.1103/PhysRevA.98.063415},
  url       = {https://link.aps.org/doi/10.1103/PhysRevA.98.063415},
  numpages  = {14},
  publisher = {American Physical Society},
}

@Article{PhysRevLett.98.060404,
  author    = {B\"uchler, H. P. and Demler, E. and Lukin, M. and Micheli, A. and Prokof'ev, N. and Pupillo, G. and Zoller, P.},
  title     = {Strongly Correlated 2D Quantum Phases with Cold Polar Molecules: Controlling the Shape of the Interaction Potential},
  journal   = {Phys. Rev. Lett.},
  year      = {2007},
  volume    = {98},
  issue     = {6},
  month     = {2},
  pages     = {060404},
  doi       = {10.1103/PhysRevLett.98.060404},
  url       = {https://link.aps.org/doi/10.1103/PhysRevLett.98.060404},
  numpages  = {4},
  publisher = {American Physical Society},
}

@Article{SRSRGA,
  author = {SRS},
  title  = {Vacuum diagnosis with an RGA},
}

@Article{yu2019scalable,
  author  = {Yu, Phelan and Cheuk, Lawrence W and Kozyryev, Ivan and Doyle, John M},
  title   = {A Scalable Quantum Computing Platform Using Symmetric-Top Molecules},
  journal = {arXiv preprint arXiv:1905.06439},
  year    = {2019},
  groups  = {CCM Journal Club},
}

@Article{KOUKHARENKO2004600,
  author   = {E. Koukharenko and Z. Moktadir and M. Kraft and M.E. Abdelsalam and D.M. Bagnall and C. Vale and M.P.A. Jones and E.A. Hinds},
  title    = {Microfabrication of gold wires for atom guides},
  doi      = {https://doi.org/10.1016/j.sna.2004.03.069},
  issn     = {0924-4247},
  note     = {The 17th European Conference on Solid-State Transducers},
  number   = {2},
  pages    = {600 - 607},
  url      = {http://www.sciencedirect.com/science/article/pii/S0924424704002456},
  volume   = {115},
  groups   = {Atom Chips, CCM Papers},
  journal  = {Sensors and Actuators A: Physical},
  keywords = {Atom guide, Gold wires, High density currents, Sputtering, Electroplating, SPR 220-7, Thick photoresist},
  year     = {2004},
}

@Article{Ruythooren_2000,
  author    = {W Ruythooren and K Attenborough and S Beerten and P Merken and J Fransaer and E Beyne and C Van Hoof and J De Boeck and J P Celis},
  title     = {Electrodeposition for the synthesis of microsystems},
  doi       = {10.1088/0960-1317/10/2/301},
  number    = {2},
  pages     = {101--107},
  url       = {https://doi.org/10.1088%2F0960-1317%2F10%2F2%2F301},
  volume    = {10},
  journal   = {Journal of Micromechanics and Microengineering},
  month     = {5},
  publisher = {{IOP} Publishing},
  year      = {2000},
}

@Book{haken2004molecular,
  author    = {Haken, H. and Wolf, H.C. and Brewer, W.D.},
  title     = {Molecular Physics and Elements of Quantum Chemistry: Introduction to Experiments and Theory},
  year      = {2004},
  series    = {Advanced Texts in Physics},
  publisher = {Springer},
  isbn      = {9783540407928},
  url       = {https://books.google.co.uk/books?id=E7OkpIXzVPoC},
  lccn      = {2004041720},
}

@Article{Silver1140,
  author    = {Silver, David and Hubert, Thomas and Schrittwieser, Julian and Antonoglou, Ioannis and Lai, Matthew and Guez, Arthur and Lanctot, Marc and Sifre, Laurent and Kumaran, Dharshan and Graepel, Thore and Lillicrap, Timothy and Simonyan, Karen and Hassabis, Demis},
  title     = {A general reinforcement learning algorithm that masters chess, shogi, and Go through self-play},
  journal   = {Science},
  year      = {2018},
  volume    = {362},
  number    = {6419},
  pages     = {1140--1144},
  issn      = {0036-8075},
  doi       = {10.1126/science.aar6404},
  eprint    = {https://science.sciencemag.org/content/362/6419/1140.full.pdf},
  url       = {https://science.sciencemag.org/content/362/6419/1140},
  groups    = {AI},
  publisher = {American Association for the Advancement of Science},
}

@Article{Gregory2019,
  author   = {Gregory, Philip D. and Frye, Matthew D. and Blackmore, Jacob A. and Bridge, Elizabeth M. and Sawant, Rahul and Hutson, Jeremy M. and Cornish, Simon L.},
  title    = {Sticky collisions of ultracold RbCs molecules},
  journal  = {Nature Communications},
  year     = {2019},
  volume   = {10},
  number   = {1},
  month    = jul,
  pages    = {3104},
  issn     = {2041-1723},
  url      = {https://doi.org/10.1038/s41467-019-11033-y},
  refid    = {Gregory2019},
}

@Article{Yan2013,
  author   = {Yan, Bo and Moses, Steven A. and Gadway, Bryce and Covey, Jacob P. and Hazzard, Kaden R. A. and Rey, Ana Maria and Jin, Deborah S. and Ye, Jun},
  title    = {Observation of dipolar spin-exchange interactions with lattice-confined polar molecules},
  journal  = {Nature},
  year     = {2013},
  volume   = {501},
  number   = {7468},
  month    = sep,
  pages    = {521--525},
  issn     = {1476-4687},
  url      = {https://doi.org/10.1038/nature12483},
  refid    = {Yan2013},
}

@Article{PhysRevLett.103.233001,
  author    = {F\"orster, Leonid and Karski, Micha\l{} and Choi, Jai-Min and Steffen, Andreas and Alt, Wolfgang and Meschede, Dieter and Widera, Artur and Montano, Enrique and Lee, Jae Hoon and Rakreungdet, Worawarong and Jessen, Poul S.},
  title     = {Microwave Control of Atomic Motion in Optical Lattices},
  journal   = {Phys. Rev. Lett.},
  year      = {2009},
  volume    = {103},
  issue     = {23},
  month     = {12},
  pages     = {233001},
  doi       = {10.1103/PhysRevLett.103.233001},
  url       = {https://link.aps.org/doi/10.1103/PhysRevLett.103.233001},
  numpages  = {4},
  publisher = {American Physical Society},
}

@Article{KITAEV20062,
  author   = {Alexei Kitaev},
  title    = {Anyons in an exactly solved model and beyond},
  journal  = {Annals of Physics},
  year     = {2006},
  volume   = {321},
  number   = {1},
  pages    = {2 - 111},
  note     = {January Special Issue},
  issn     = {0003-4916},
  doi      = {https://doi.org/10.1016/j.aop.2005.10.005},
  url      = {http://www.sciencedirect.com/science/article/pii/S0003491605002381},
}

@Article{Truppe2018,
  author    = {S. Truppe and M. Hambach and S. M. Skoff and N. E. Bulleid and J. S. Bumby and R. J. Hendricks and E. A. Hinds and B. E. Sauer and M. R. Tarbutt},
  title     = {A buffer gas beam source for short, intense and slow molecular pulses},
  doi       = {10.1080/09500340.2017.1384516},
  eprint    = {https://doi.org/10.1080/09500340.2017.1384516},
  number    = {5-6},
  pages     = {648-656},
  url       = {https://doi.org/10.1080/09500340.2017.1384516},
  volume    = {65},
  groups    = {CCM Papers},
  journal   = {Journal of Modern Optics},
  publisher = {Taylor \& Francis},
  year      = {2018},
}

@Article{PhysRevLett.124.063001,
  author    = {Caldwell, L. and Williams, H. J. and Fitch, N. J. and Aldegunde, J. and Hutson, Jeremy M. and Sauer, B. E. and Tarbutt, M. R.},
  title     = {Long Rotational Coherence Times of Molecules in a Magnetic Trap},
  doi       = {10.1103/PhysRevLett.124.063001},
  issue     = {6},
  pages     = {063001},
  url       = {https://link.aps.org/doi/10.1103/PhysRevLett.124.063001},
  volume    = {124},
  journal   = {Phys. Rev. Lett.},
  month     = {2},
  numpages  = {6},
  publisher = {American Physical Society},
  year      = {2020},
}

@Article{Sawant_2020,
  author    = {Rahul Sawant and Jacob A Blackmore and Philip D Gregory and Jordi Mur-Petit and Dieter Jaksch and Jes{\'{u}}s Aldegunde and Jeremy M Hutson and M R Tarbutt and Simon L Cornish},
  title     = {Ultracold polar molecules as qudits},
  doi       = {10.1088/1367-2630/ab60f4},
  number    = {1},
  pages     = {013027},
  url       = {https://doi.org/10.1088%2F1367-2630%2Fab60f4},
  volume    = {22},
  groups    = {CCM Papers},
  journal   = {New Journal of Physics},
  month     = {1},
  publisher = {{IOP} Publishing},
  year      = {2020},
}

@Article{PhysRevA.97.053404,
  author    = {Sames, C. and Hamsen, C. and Chibani, H. and Altin, P. A. and Wilk, T. and Rempe, G.},
  title     = {Continuous parametric feedback cooling of a single atom in an optical cavity},
  journal   = {Phys. Rev. A},
  year      = {2018},
  volume    = {97},
  issue     = {5},
  month     = {5},
  pages     = {053404},
  doi       = {10.1103/PhysRevA.97.053404},
  url       = {https://link.aps.org/doi/10.1103/PhysRevA.97.053404},
  numpages  = {6},
  publisher = {American Physical Society},
}

@Article{PhysRevA.100.062321,
  author    = {Le, Dat Thanh and Grimsmo, Arne and M\"uller, Clemens and Stace, T. M.},
  title     = {Doubly nonlinear superconducting qubit},
  journal   = {Phys. Rev. A},
  year      = {2019},
  volume    = {100},
  issue     = {6},
  month     = {12},
  pages     = {062321},
  doi       = {10.1103/PhysRevA.100.062321},
  url       = {https://link.aps.org/doi/10.1103/PhysRevA.100.062321},
  numpages  = {15},
  publisher = {American Physical Society},
}

@Misc{son2019collisional,
  author        = {Hyungmok Son and Juliana J. Park and Wolfgang Ketterle and Alan O. Jamison},
  title         = {Collisional Cooling of Ultracold Molecules},
  year          = {2019},
  eprint        = {1907.09630},
  archiveprefix = {arXiv},
  primaryclass  = {cond-mat.quant-gas},
}

@Misc{ramos2019measuring,
  author        = {Ram{\'o}n Ramos and David Spierings and Isabelle Racicot and Aephraim M. Steinberg},
  title         = {Measuring the time a tunnelling atom spends in the barrier},
  year          = {2019},
  eprint        = {1907.13523},
  archiveprefix = {arXiv},
  primaryclass  = {physics.atom-ph},
}

@Article{PhysRevLett.78.2088,
  author    = {Ammann, Hubert and Christensen, Nelson},
  title     = {Delta Kick Cooling: A New Method for Cooling Atoms},
  journal   = {Phys. Rev. Lett.},
  year      = {1997},
  volume    = {78},
  issue     = {11},
  month     = {3},
  pages     = {2088--2091},
  doi       = {10.1103/PhysRevLett.78.2088},
  url       = {https://link.aps.org/doi/10.1103/PhysRevLett.78.2088},
  numpages  = {0},
  publisher = {American Physical Society},
}

@Article{PhysRevResearch.2.013251,
  author    = {Caldwell, L. and Tarbutt, M. R.},
  title     = {Sideband cooling of molecules in optical traps},
  journal   = {Phys. Rev. Research},
  year      = {2020},
  volume    = {2},
  issue     = {1},
  month     = {3},
  pages     = {013251},
  doi       = {10.1103/PhysRevResearch.2.013251},
  url       = {https://link.aps.org/doi/10.1103/PhysRevResearch.2.013251},
  numpages  = {17},
  publisher = {American Physical Society},
}

@PhdThesis{Crompvoets2005,
  author      = {Floris M. H. Crompvoets},
  title       = {A Storage Ring for Neutral Molecules},
  institution = {Radboud Universiteit Nijmegen.},
  year        = {2005},
  groups      = {Phasespace},
  school      = {Radboud Universiteit Nijmegen.},
}

@Article{Wallquist_2008,
  author    = {Margareta Wallquist and Peter Rabl and Mikhail D Lukin and Peter Zoller},
  title     = {Theory of cavity-assisted microwave cooling of polar molecules},
  doi       = {10.1088/1367-2630/10/6/063005},
  number    = {6},
  pages     = {063005},
  url       = {https://doi.org/10.1088%2F1367-2630%2F10%2F6%2F063005},
  volume    = {10},
  groups    = {cameron:1},
  journal   = {New Journal of Physics},
  month     = {6},
  publisher = {{IOP} Publishing},
  year      = {2008},
}

@Article{PhysRevA.93.053401,
  author    = {Lechner, Regina and Maier, Christine and Hempel, Cornelius and Jurcevic, Petar and Lanyon, Ben P. and Monz, Thomas and Brownnutt, Michael and Blatt, Rainer and Roos, Christian F.},
  title     = {Electromagnetically-induced-transparency ground-state cooling of long ion strings},
  journal   = {Phys. Rev. A},
  year      = {2016},
  volume    = {93},
  issue     = {5},
  month     = {5},
  pages     = {053401},
  doi       = {10.1103/PhysRevA.93.053401},
  url       = {https://link.aps.org/doi/10.1103/PhysRevA.93.053401},
  numpages  = {10},
  publisher = {American Physical Society},
}

@Article{PhysRevLett.85.4458,
  author    = {Morigi, Giovanna and Eschner, J\"urgen and Keitel, Christoph H.},
  title     = {Ground State Laser Cooling Using Electromagnetically Induced Transparency},
  journal   = {Phys. Rev. Lett.},
  year      = {2000},
  volume    = {85},
  issue     = {21},
  month     = {11},
  pages     = {4458--4461},
  doi       = {10.1103/PhysRevLett.85.4458},
  url       = {https://link.aps.org/doi/10.1103/PhysRevLett.85.4458},
  numpages  = {0},
  publisher = {American Physical Society},
}

@Article{Haviland2010,
  author   = {Haviland, David},
  title    = {Quantum phase slips},
  journal  = {Nature Physics},
  year     = {2010},
  volume   = {6},
  number   = {8},
  month    = {8},
  pages    = {565--566},
  issn     = {1745-2481},
  url      = {https://doi.org/10.1038/nphys1747},
  refid    = {Haviland2010},
}

@Book{Madou2002,
  author    = {Madou, M.J.},
  title     = {Fundamentals of Microfabrication: The Science of Miniaturization, Second Edition},
  year      = {2002},
  publisher = {Taylor \& Francis},
  isbn      = {9780849308260},
  url       = {https://books.google.co.uk/books?id=9bk3gJeQKBYC},
  lccn      = {20043273},
}

@Article{Lev2003,
  author     = {Lev, Benjamin},
  title      = {Fabrication of Micro-Magnetic Traps for Cold Neutral Atoms},
  journal    = {Quantum Info. Comput.},
  year       = {2003},
  volume     = {3},
  number     = {5},
  month      = sep,
  pages      = {450-464},
  issn       = {1533-7146},
  address    = {Paramus, NJ},
  issue_date = {September 2003},
  keywords   = {quantum computation, magnetic microtraps, atom optics},
  numpages   = {15},
  publisher  = {Rinton Press, Incorporated},
}

@Book{Schlesinger2011,
  author    = {Schlesinger, M. and Paunovic, M.},
  title     = {Modern Electroplating},
  isbn      = {9781118063149},
  publisher = {Wiley},
  series    = {The ECS Series of Texts and Monographs},
  url       = {https://books.google.co.uk/books?id=j3OSKTCuO00C},
  year      = {2011},
}

@Article{Nakagawa2005,
  author   = {Nakagawa, K. and Suzuki, Y. and Horikoshi, M. and Kim, J. B.},
  title    = {Simple and efficient magnetic transport of cold atoms using moving coils for the production of Bose-Einstein condensation},
  journal  = {Applied Physics B},
  year     = {2005},
  volume   = {81},
  number   = {6},
  month    = oct,
  pages    = {791--794},
  issn     = {1432-0649},
  url      = {https://doi.org/10.1007/s00340-005-1953-8},
  refid    = {Nakagawa2005},
}

@Book{Lichtenberg1969,
  author    = {Lichtenberg, A.J.},
  title     = {Phase-space Dynamics of Particles},
  year      = {1969},
  series    = {Wiley Series in Probability and Mathematical Statistics},
  publisher = {Wiley},
  url       = {https://books.google.co.uk/books?id=IrJ5AAAAIAAJ},
  lccn      = {68031644},
}

@Misc{ICRCS,
  title = {Imperial College Research Computing Service},
  doi   = {10.14469/hpc/2232},
}

@Book{Landau1982,
  author    = {Landau, L.D. and Lifshitz, E.M.},
  title     = {Mechanics: Volume 1},
  year      = {1982},
  volume    = {1},
  publisher = {Elsevier Science},
  isbn      = {9780080503479},
  url       = {https://books.google.co.uk/books?id=bE-9tUH2J2wC},
}

@Book{Hand1998,
  author    = {Hand, L.N. and Finch, J.D.},
  title     = {Analytical Mechanics},
  year      = {1998},
  publisher = {Cambridge University Press},
  isbn      = {9781139643313},
  url       = {https://books.google.co.uk/books?id=A1UhAwAAQBAJ},
}

@Article{PhysRevA.52.1423,
  author    = {Townsend, C. G. and Edwards, N. H. and Cooper, C. J. and Zetie, K. P. and Foot, C. J. and Steane, A. M. and Szriftgiser, P. and Perrin, H. and Dalibard, J.},
  title     = {Phase-space density in the magneto-optical trap},
  doi       = {10.1103/PhysRevA.52.1423},
  issue     = {2},
  pages     = {1423--1440},
  url       = {https://link.aps.org/doi/10.1103/PhysRevA.52.1423},
  volume    = {52},
  journal   = {Phys. Rev. A},
  month     = {8},
  numpages  = {0},
  publisher = {American Physical Society},
  year      = {1995},
}

@Manual{desolver,
  author = {Ekin Ozturk},
  title  = {Desolver},
  note   = {Accessed June 30, 2020},
  url    = {https://desolver.readthedocs.io},
  year   = {2019},
}

@Book{python,
  author    = {Van Rossum, Guido and Drake Jr, Fred L},
  title     = {Python reference manual},
  publisher = {Centrum voor Wiskunde en Informatica Amsterdam},
  year      = {1995},
}

@InBook{Hairer2015,
  author    = {Hairer, Ernst and Wanner, Gerhard},
  title     = {Euler Methods, Explicit, Implicit, Symplectic},
  booktitle = {Encyclopedia of Applied and Computational Mathematics},
  year      = {2015},
  editor    = {Engquist, Bj{\"o}rn},
  publisher = {Springer Berlin Heidelberg},
  isbn      = {978-3-540-70529-1},
  pages     = {451--455},
  doi       = {10.1007/978-3-540-70529-1_111},
  url       = {https://doi.org/10.1007/978-3-540-70529-1_111},
  address   = {Berlin, Heidelberg},
}

@Article{doi:10.1119/1.2034523,
  author  = {Donnelly,Denis and Rogers,Edwin},
  title   = {Symplectic integrators: An introduction},
  doi     = {10.1119/1.2034523},
  eprint  = {https://doi.org/10.1119/1.2034523},
  number  = {10},
  pages   = {938-945},
  url     = {https://doi.org/10.1119/1.2034523},
  volume  = {73},
  journal = {American Journal of Physics},
  year    = {2005},
}

@InBook{Cohen2011,
  author    = {Cohen, Edward and Lightfoot, E. J.},
  title     = {Coating Processes},
  booktitle = {Kirk-Othmer Encyclopedia of Chemical Technology},
  year      = {2011},
  publisher = {American Cancer Society},
  isbn      = {9780471238966},
  pages     = {1-68},
  doi       = {10.1002/0471238961.1921182203150805.a01.pub3},
  eprint    = {https://onlinelibrary.wiley.com/doi/pdf/10.1002/0471238961.1921182203150805.a01.pub3},
  url       = {https://onlinelibrary.wiley.com/doi/abs/10.1002/0471238961.1921182203150805.a01.pub3},
  keywords  = {Coating, Surface, Multilayer coating, Coating applicators, Drying},
}

@Article{PhysRevLett.101.183006,
  author    = {Cano, D. and Kasch, B. and Hattermann, H. and Kleiner, R. and Zimmermann, C. and Koelle, D. and Fort\'agh, J.},
  title     = {Meissner Effect in Superconducting Microtraps},
  journal   = {Phys. Rev. Lett.},
  year      = {2008},
  volume    = {101},
  issue     = {18},
  month     = {10},
  pages     = {183006},
  doi       = {10.1103/PhysRevLett.101.183006},
  url       = {https://link.aps.org/doi/10.1103/PhysRevLett.101.183006},
  numpages  = {4},
  publisher = {American Physical Society},
}

@Article{PhysRevB.4.2189,
  author    = {Testardi, L. R.},
  title     = {Destruction of Superconductivity by Laser Light},
  journal   = {Phys. Rev. B},
  year      = {1971},
  volume    = {4},
  issue     = {7},
  month     = {10},
  pages     = {2189--2196},
  doi       = {10.1103/PhysRevB.4.2189},
  url       = {https://link.aps.org/doi/10.1103/PhysRevB.4.2189},
  numpages  = {0},
  publisher = {American Physical Society},
}

@Article{Lewandowski2003,
  author   = {Lewandowski, H. J. and Harber, D. M. and Whitaker, D. L. and Cornell, E. A.},
  title    = {Simplified System for Creating a Bose-Einstein Condensate},
  journal  = {Journal of Low Temperature Physics},
  year     = {2003},
  volume   = {132},
  number   = {5},
  month    = sep,
  pages    = {309--367},
  issn     = {1573-7357},
  url      = {https://doi.org/10.1023/A:1024800600621},
  refid    = {Lewandowski2003},
}

@WWW{heidelberg,
  title   = {Heidelberg Instruments},
  year    = {2020},
  url     = {https://heidelberg-instruments.com},
  urldate = {2020-07-23},
}

@Thesis{Schlunk2008,
  author      = {Sophie Schlunk},
  title       = {AC electric trapping of neutral atoms},
  institution = {University of Nijmegen},
  year        = {2008},
  url         = {http://hdl.handle.net/11858/00-001M-0000-0010-FC17-5},
  groups      = {Phasespace},
}

@Article{Tokunaga2011,
  author   = {Tokunaga, S. K. and Skomorowski, W. and Zuchowski, P. S. and Moszynski, R. and Hutson, J. M. and Hinds, E. A. and Tarbutt, M. R.},
  title    = {Prospects for sympathetic cooling of molecules in electrostatic, ac and microwave traps},
  issn     = {1434-6079},
  number   = {1},
  pages    = {141--149},
  url      = {https://doi.org/10.1140/epjd/e2011-10719-x},
  volume   = {65},
  groups   = {Phasespace, cameron:6},
  journal  = {The European Physical Journal D},
  month    = nov,
  refid    = {Tokunaga2011},
  year     = {2011},
}

@Article{GROSS1982301,
  author   = {M. Gross and S. Haroche},
  title    = {Superradiance: An essay on the theory of collective spontaneous emission},
  journal  = {Physics Reports},
  year     = {1982},
  volume   = {93},
  number   = {5},
  pages    = {301 - 396},
  issn     = {0370-1573},
  doi      = {https://doi.org/10.1016/0370-1573(82)90102-8},
  url      = {http://www.sciencedirect.com/science/article/pii/0370157382901028},
}

@Article{KALEDIN1999289,
  author   = {Leonid A. Kaledin and Jonathan C. Bloch and Michael C. McCarthy and Robert W. Field},
  title    = {Analysis and Deperturbation of the A2$\Pi$ and B2$\Sigma_+$ States of CaF},
  doi      = {https://doi.org/10.1006/jmsp.1999.7909},
  issn     = {0022-2852},
  number   = {2},
  pages    = {289 - 296},
  url      = {http://www.sciencedirect.com/science/article/pii/S0022285299979092},
  volume   = {197},
  groups   = {CaF structure},
  journal  = {Journal of Molecular Spectroscopy},
  year     = {1999},
}

@Article{NAKAGAWA1978374,
  author   = {Jun Nakagawa and Peter J. Domaille and Timothy C. Steimle and David O. Harris},
  title    = {Microwave optical double resonance and reanalysis of the CaF
              A2$\Pi$r-X2$\Sigma$ band system},
  doi      = {https://doi.org/10.1016/0022-2852(78)90175-3},
  issn     = {0022-2852},
  number   = {3},
  pages    = {374 - 385},
  url      = {http://www.sciencedirect.com/science/article/pii/0022285278901753},
  volume   = {70},
  groups   = {CaF structure},
  journal  = {Journal of Molecular Spectroscopy},
  year     = {1978},
}

@Article{FIELD1975107,
  author   = {Robert W. Field and David O. Harris and Takehiko Tanaka},
  title    = {Continuous wave dye laser excitation spectroscopy CaF
              A2$\Pi$r-X2$\Sigma_+$},
  doi      = {https://doi.org/10.1016/0022-2852(75)90045-4},
  issn     = {0022-2852},
  number   = {1},
  pages    = {107 - 117},
  url      = {http://www.sciencedirect.com/science/article/pii/0022285275900454},
  volume   = {57},
  groups   = {CaF structure},
  journal  = {Journal of Molecular Spectroscopy},
  year     = {1975},
}

@PhdThesis{Hambach2017,
  author      = {Hambach, Moritz},
  institution = {Imperial College London},
  title       = {Development of a magneto-optical trap for CaF molecules},
  doi         = {https://doi.org/10.25560/54851},
  year        = {2017},
}

@PhdThesis{Zhelyazkova2014,
  author      = {Zhelyazkova, Valentina},
  title       = {Laser cooling of CaF molecules},
  institution = {Imperial College London},
  year        = {2014},
  doi         = {https://doi.org/10.25560/24740},
}

@PhdThesis{Anderegg2019a,
  author      = {Anderegg, Lo\"ic},
  title       = {Ultracold molecules in optical arrays: from laser cooling to molecular collisions},
  institution = {Harvard University},
  year        = {2019},
}

@Article{doi:10.1063/1.447005,
  author  = {Childs,W. J. and Goodman,L. S. and Nielsen,U. and Pfeufer,V.},
  title   = {Electric-dipole moment of CaF (X 2$\Sigma_+$) by molecular beam, laser-rf, double-resonance study of Stark splittings},
  doi     = {10.1063/1.447005},
  eprint  = {https://doi.org/10.1063/1.447005},
  number  = {6},
  pages   = {2283-2287},
  url     = {https://doi.org/10.1063/1.447005},
  volume  = {80},
  journal = {The Journal of Chemical Physics},
  year    = {1984},
}

@Article{PhysRevA.92.053401,
  author    = {Tarbutt, M. R. and Steimle, T. C.},
  title     = {Modeling magneto-optical trapping of CaF molecules},
  journal   = {Phys. Rev. A},
  year      = {2015},
  volume    = {92},
  issue     = {5},
  month     = {11},
  pages     = {053401},
  doi       = {10.1103/PhysRevA.92.053401},
  url       = {https://link.aps.org/doi/10.1103/PhysRevA.92.053401},
  numpages  = {7},
  publisher = {American Physical Society},
}

@PhdThesis{Ravenhall2018,
  author      = {Sean Ravenhall},
  title       = {A Compact, High-Flux Source of Cold Atoms},
  institution = {University of Oxford},
  year        = {2018},
}

@Article{PhysRevLett.123.033202,
  author    = {Caldwell, L. and Devlin, J. A. and Williams, H. J. and Fitch, N. J. and Hinds, E. A. and Sauer, B. E. and Tarbutt, M. R.},
  title     = {Deep Laser Cooling and Efficient Magnetic Compression of Molecules},
  doi       = {10.1103/PhysRevLett.123.033202},
  issue     = {3},
  pages     = {033202},
  url       = {https://link.aps.org/doi/10.1103/PhysRevLett.123.033202},
  volume    = {123},
  journal   = {Phys. Rev. Lett.},
  month     = {7},
  numpages  = {6},
  publisher = {American Physical Society},
  year      = {2019},
}

@Article{CHILDS1981365,
  author   = {W.J. Childs and G.L. Goodman and L.S. Goodman},
  title    = {Precise determination of the v and N dependence of the
              spin-rotation and hyperfine interactions in the CaF X2$\Sigma$ ground state},
  doi      = {https://doi.org/10.1016/0022-2852(81)90288-5},
  issn     = {0022-2852},
  number   = {2},
  pages    = {365 - 392},
  url      = {http://www.sciencedirect.com/science/article/pii/0022285281902885},
  volume   = {86},
  journal  = {Journal of Molecular Spectroscopy},
  year     = {1981},
}

@Article{Weidem_ller_1994,
  author    = {M Weidem{\"u}ller and T Esslinger and M. A
               Ol{\textquotesingle}shanii and A Hemmerich and T. W H{\"a}nsch},
  title     = {A Novel Scheme for Efficient Cooling below the Photon Recoil Limit},
  doi       = {10.1209/0295-5075/27/2/006},
  number    = {2},
  pages     = {109--114},
  url       = {https://doi.org/10.1209%2F0295-5075%2F27%2F2%2F006},
  volume    = {27},
  journal   = {Europhysics Letters ({EPL})},
  month     = {7},
  publisher = {{IOP} Publishing},
  year      = {1994},
}

@Article{PhysRevA.78.052901,
  author    = {Buhmann, Stefan Yoshi and Tarbutt, M. R. and Scheel, Stefan and Hinds, E. A.},
  title     = {Surface-induced heating of cold polar molecules},
  doi       = {10.1103/PhysRevA.78.052901},
  issue     = {5},
  pages     = {052901},
  url       = {https://link.aps.org/doi/10.1103/PhysRevA.78.052901},
  volume    = {78},
  journal   = {Phys. Rev. A},
  month     = {11},
  numpages  = {17},
  publisher = {American Physical Society},
  year      = {2008},
}

@Article{PhysRevLett.98.133001,
  author    = {Hoekstra, Steven and Gilijamse, Joop J. and Sartakov, Boris and Vanhaecke, Nicolas and Scharfenberg, Ludwig and van de Meerakker, Sebastiaan Y. T. and Meijer, Gerard},
  title     = {Optical Pumping of Trapped Neutral Molecules by Blackbody Radiation},
  doi       = {10.1103/PhysRevLett.98.133001},
  issue     = {13},
  pages     = {133001},
  url       = {https://link.aps.org/doi/10.1103/PhysRevLett.98.133001},
  volume    = {98},
  journal   = {Phys. Rev. Lett.},
  month     = {3},
  numpages  = {4},
  publisher = {American Physical Society},
  year      = {2007},
}

@Article{PhysRevLett.101.263603,
  author    = {Singh, S. and Bhattacharya, M. and Dutta, O. and Meystre, P.},
  title     = {Coupling Nanomechanical Cantilevers to Dipolar Molecules},
  doi       = {10.1103/PhysRevLett.101.263603},
  issue     = {26},
  pages     = {263603},
  url       = {https://link.aps.org/doi/10.1103/PhysRevLett.101.263603},
  volume    = {101},
  journal   = {Phys. Rev. Lett.},
  month     = {12},
  numpages  = {4},
  publisher = {American Physical Society},
  year      = {2008},
}

@Article{HUNGER2011871,
  author   = {D. Hunger and S. Camerer and M. Korppi and A. J{\"o}ckel and T.W.  H{\"a}nsch and P. Treutlein},
  title    = {Coupling ultracold atoms to mechanical oscillators},
  doi      = {https://doi.org/10.1016/j.crhy.2011.04.015},
  issn     = {1631-0705},
  note     = {Nano- and micro-optomechanical systems},
  number   = {9},
  pages    = {871 - 887},
  url      = {http://www.sciencedirect.com/science/article/pii/S1631070511001198},
  volume   = {12},
  journal  = {Comptes Rendus Physique},
  year     = {2011},
}

@Article{PhysRevLett.124.193604,
  author    = {Morgan, A. A. and Hogan, S. D.},
  title     = {Coupling Rydberg Atoms to Microwave Fields in a Superconducting Coplanar Waveguide Resonator},
  doi       = {10.1103/PhysRevLett.124.193604},
  issue     = {19},
  pages     = {193604},
  url       = {https://link.aps.org/doi/10.1103/PhysRevLett.124.193604},
  volume    = {124},
  journal   = {Phys. Rev. Lett.},
  month     = {5},
  numpages  = {6},
  publisher = {American Physical Society},
  year      = {2020},
}

@Article{doi:10.1063/5.0024176,
  author  = {Walker,D. M. and Morgan,A. A. and Hogan,S. D.},
  title   = {Cavity-enhanced Ramsey spectroscopy at a Rydberg-atom-superconducting-circuit interface},
  doi     = {10.1063/5.0024176},
  eprint  = {https://doi.org/10.1063/5.0024176},
  number  = {20},
  pages   = {204001},
  url     = {https://doi.org/10.1063/5.0024176},
  volume  = {117},
  journal = {Applied Physics Letters},
  year    = {2020},
}

@Article{PhysRevX.11.011032,
  author    = {Rymarz, Martin and Bosco, Stefano and Ciani, Alessandro and DiVincenzo, David P.},
  title     = {Hardware-Encoding Grid States in a Nonreciprocal Superconducting Circuit},
  doi       = {10.1103/PhysRevX.11.011032},
  issue     = {1},
  pages     = {011032},
  url       = {https://link.aps.org/doi/10.1103/PhysRevX.11.011032},
  volume    = {11},
  groups    = {NovelQubits},
  journal   = {Phys. Rev. X},
  month     = {2},
  numpages  = {25},
  publisher = {American Physical Society},
  year      = {2021},
}

@Article{PhysRevX.10.031050,
  author    = {Albert, Victor V. and Covey, Jacob P. and Preskill, John},
  title     = {Robust Encoding of a Qubit in a Molecule},
  doi       = {10.1103/PhysRevX.10.031050},
  issue     = {3},
  pages     = {031050},
  url       = {https://link.aps.org/doi/10.1103/PhysRevX.10.031050},
  volume    = {10},
  groups    = {Atom Chips},
  journal   = {Phys. Rev. X},
  month     = {9},
  numpages  = {46},
  publisher = {American Physical Society},
  year      = {2020},
}

@article{HUTSON20199,
title = {molscat: A program for non-reactive quantum scattering calculations on atomic and molecular collisions},
journal = {Computer Physics Communications},
volume = {241},
pages = {9-18},
year = {2019},
issn = {0010-4655},
doi = {https://doi.org/10.1016/j.cpc.2019.02.014},
url = {https://www.sciencedirect.com/science/article/pii/S0010465519300669},
author = {Jeremy M. Hutson and C. Ruth {Le Sueur}},
keywords = {S matrix, Cross section, Elastic, Inelastic, Feshbach resonance, External fields},
}

@Article{PhysRevLett.126.153401,
  author    = {Jurgilas, S. and Chakraborty, A. and Rich, C. J. H. and Caldwell, L. and Williams, H. J. and Fitch, N. J. and Sauer, B. E. and Frye, Matthew D. and Hutson, Jeremy M. and Tarbutt, M. R.},
  title     = {Collisions between Ultracold Molecules and Atoms in a Magnetic Trap},
  doi       = {10.1103/PhysRevLett.126.153401},
  issue     = {15},
  pages     = {153401},
  url       = {https://link.aps.org/doi/10.1103/PhysRevLett.126.153401},
  volume    = {126},
  journal   = {Phys. Rev. Lett.},
  month     = {4},
  numpages  = {6},
  publisher = {American Physical Society},
  year      = {2021},
}

@Article{Jadbabaie_2020,
  author       = {Arian Jadbabaie and Nickolas H. Pilgram and Jacek Klos and Svetlana Kotochigova and Nicholas R Hutzler},
  date         = {2020-01},
  journaltitle = {New Journal of Physics},
  title        = {Enhanced molecular yield from a cryogenic buffer gas beam source via excited state chemistry},
  doi          = {10.1088/1367-2630/ab6eae},
  url          = {https://doi.org/10.1088/1367-2630/ab6eae},
  publisher    = {{IOP} Publishing},
}

@Article{PhysRevLett.110.010504,
  author    = {Vanner, M. R. and Aspelmeyer, M. and Kim, M. S.},
  title     = {Quantum State Orthogonalization and a Toolset for Quantum Optomechanical Phonon Control},
  doi       = {10.1103/PhysRevLett.110.010504},
  issue     = {1},
  pages     = {010504},
  url       = {https://link.aps.org/doi/10.1103/PhysRevLett.110.010504},
  volume    = {110},
  groups    = {Optomechanics},
  journal   = {Phys. Rev. Lett.},
  month     = {1},
  numpages  = {5},
  publisher = {American Physical Society},
  year      = {2013},
}

@Article{PhysRevLett.126.033601,
  author    = {Enzian, G. and Price, J. J. and Freisem, L. and Nunn, J. and Janousek, J. and Buchler, B. C. and Lam, P. K. and Vanner, M. R.},
  title     = {Single-Phonon Addition and Subtraction to a Mechanical Thermal State},
  doi       = {10.1103/PhysRevLett.126.033601},
  issue     = {3},
  pages     = {033601},
  url       = {https://link.aps.org/doi/10.1103/PhysRevLett.126.033601},
  volume    = {126},
  groups    = {Optomechanics},
  journal   = {Phys. Rev. Lett.},
  month     = {1},
  numpages  = {6},
  publisher = {American Physical Society},
  year      = {2021},
}

@Article{PhysRevA.68.013808,
  author    = {Zhang, Jing and Peng, Kunchi and Braunstein, Samuel L.},
  title     = {Quantum-state transfer from light to macroscopic oscillators},
  doi       = {10.1103/PhysRevA.68.013808},
  issue     = {1},
  pages     = {013808},
  url       = {https://link.aps.org/doi/10.1103/PhysRevA.68.013808},
  volume    = {68},
  groups    = {Optomechanics},
  journal   = {Phys. Rev. A},
  month     = {7},
  numpages  = {5},
  publisher = {American Physical Society},
  year      = {2003},
}

@Article{Wolff:21,
  author       = {C. Wolff and M. J. A. Smith and B. Stiller and C. G. Poulton},
  date         = {2021-04},
  journaltitle = {J. Opt. Soc. Am. B},
  title        = {Brillouin scattering---theory and experiment: tutorial},
  doi          = {10.1364/JOSAB.416747},
  number       = {4},
  pages        = {1243--1269},
  url          = {http://josab.osa.org/abstract.cfm?URI=josab-38-4-1243},
  volume       = {38},
  groups       = {Key Concepts},
  keywords     = {Brillouin scattering; Forward scattering; Fundamental processes; Optical fields; Raman scattering; Stimulated scattering},
  publisher    = {OSA},
}

@Article{PhysRevX.8.021052,
  author    = {Khosla, K. E. and Vanner, M. R. and Ares, N. and Laird, E. A.},
  title     = {Displacemon Electromechanics: How to Detect Quantum Interference in a Nanomechanical Resonator},
  doi       = {10.1103/PhysRevX.8.021052},
  issue     = {2},
  pages     = {021052},
  url       = {https://link.aps.org/doi/10.1103/PhysRevX.8.021052},
  volume    = {8},
  groups    = {Optomechanics, NovelQubits},
  journal   = {Phys. Rev. X},
  month     = {5},
  numpages  = {15},
  publisher = {American Physical Society},
  year      = {2018},
}

@PhdThesis{SchleierSmith2011,
  author      = {Schleier-Smith, Monika Helene},
  date        = {2011},
  institution = {Massachusetts Institute of Technology},
  title       = {Cavity-enabled spin squeezing for a quantum-enhanced atomic clock},
}

@Article{PhysRevA.69.062320,
  author    = {Blais, Alexandre and Huang, Ren-Shou and Wallraff, Andreas and Girvin, S. M. and Schoelkopf, R. J.},
  title     = {Cavity quantum electrodynamics for superconducting electrical circuits: An architecture for quantum computation},
  doi       = {10.1103/PhysRevA.69.062320},
  issue     = {6},
  pages     = {062320},
  url       = {https://link.aps.org/doi/10.1103/PhysRevA.69.062320},
  volume    = {69},
  journal   = {Phys. Rev. A},
  month     = {6},
  numpages  = {14},
  publisher = {American Physical Society},
  year      = {2004},
}

@PhdThesis{Cox2016,
  author    = {Kevin Cox},
  date      = {2016-11-30},
  title     = {Quantum-Enhanced Measurements with Atoms in Cavities: Superradiance and Spin Squeezing},
  pages     = {178},
  address   = {Boulder, CO},
  groups    = {Squeezing},
  month     = {11},
  publisher = {University of Colorado Boulder},
  volume    = {Ph. D.},
  year      = {2016},
}

@Article{Kirton2019,
  author   = {Kirton, Peter and Roses, Mor M. and Keeling, Jonathan and Dalla Torre, Emanuele G.},
  title    = {Introduction to the Dicke Model: From Equilibrium to Nonequilibrium, and Vice Versa},
  doi      = {https://doi.org/10.1002/qute.201800043},
  eprint   = {https://onlinelibrary.wiley.com/doi/pdf/10.1002/qute.201800043},
  number   = {1-2},
  pages    = {1800043},
  url      = {https://onlinelibrary.wiley.com/doi/abs/10.1002/qute.201800043},
  volume   = {2},
  journal  = {Advanced Quantum Technologies},
  keywords = {Dicke model, nonequilibrium, phase transitions, quantum optics, superradiance},
  year     = {2019},
}

@PhdThesis{Jurgilas2021,
  author      = {Jurgilas, Sarunas},
  institution = {Imperial College London},
  title       = {Collisions Between Laser-Cooled Atoms and Molecules},
  school      = {Imperial College London},
  year        = {2021},
}

@Article{PhysRevA.89.043837,
  author    = {Chen, Zilong and Bohnet, Justin G. and Weiner, Joshua M. and Cox, Kevin C. and Thompson, James K.},
  title     = {Cavity-aided nondemolition measurements for atom counting and spin squeezing},
  doi       = {10.1103/PhysRevA.89.043837},
  issue     = {4},
  pages     = {043837},
  url       = {https://link.aps.org/doi/10.1103/PhysRevA.89.043837},
  volume    = {89},
  groups    = {Squeezing},
  journal   = {Phys. Rev. A},
  month     = {4},
  numpages  = {17},
  publisher = {American Physical Society},
  year      = {2014},
}

@Article{PhysRevA.46.R6797,
  author    = {Wineland, D. J. and Bollinger, J. J. and Itano, W. M. and Moore, F. L. and Heinzen, D. J.},
  title     = {Spin squeezing and reduced quantum noise in spectroscopy},
  doi       = {10.1103/PhysRevA.46.R6797},
  issue     = {11},
  pages     = {R6797--R6800},
  url       = {https://link.aps.org/doi/10.1103/PhysRevA.46.R6797},
  volume    = {46},
  groups    = {Squeezing},
  journal   = {Phys. Rev. A},
  month     = {12},
  numpages  = {0},
  publisher = {American Physical Society},
  year      = {1992},
}

@Article{PhysRevA.47.5138,
  author    = {Kitagawa, Masahiro and Ueda, Masahito},
  title     = {Squeezed spin states},
  doi       = {10.1103/PhysRevA.47.5138},
  issue     = {6},
  pages     = {5138--5143},
  url       = {https://link.aps.org/doi/10.1103/PhysRevA.47.5138},
  volume    = {47},
  groups    = {Squeezing},
  journal   = {Phys. Rev. A},
  month     = {6},
  numpages  = {0},
  publisher = {American Physical Society},
  year      = {1993},
}

@Article{MA201189,
  author   = {Jian Ma and Xiaoguang Wang and C.P. Sun and Franco Nori},
  title    = {Quantum spin squeezing},
  doi      = {https://doi.org/10.1016/j.physrep.2011.08.003},
  issn     = {0370-1573},
  number   = {2},
  pages    = {89-165},
  url      = {https://www.sciencedirect.com/science/article/pii/S0370157311002201},
  volume   = {509},
  groups   = {Squeezing},
  journal  = {Physics Reports},
  year     = {2011},
}

@Article{1998,
  author    = {A Kuzmich and N. P Bigelow and L Mandel},
  date      = {1998-06},
  title     = {Atomic quantum non-demolition measurements and squeezing},
  doi       = {10.1209/epl/i1998-00277-9},
  number    = {5},
  pages     = {481--486},
  url       = {https://doi.org/10.1209/epl/i1998-00277-9},
  volume    = {42},
  groups    = {Squeezing},
  publisher = {{IOP} Publishing},
}

@Article{PhysRevLett.104.073604,
  author    = {Schleier-Smith, Monika H. and Leroux, Ian D. and Vuleti\ifmmode \acute{c}\else \'{c}\fi{}, Vladan},
  title     = {States of an Ensemble of Two-Level Atoms with Reduced Quantum Uncertainty},
  doi       = {10.1103/PhysRevLett.104.073604},
  issue     = {7},
  pages     = {073604},
  url       = {https://link.aps.org/doi/10.1103/PhysRevLett.104.073604},
  volume    = {104},
  groups    = {Squeezing},
  journal   = {Phys. Rev. Lett.},
  month     = {2},
  numpages  = {4},
  publisher = {American Physical Society},
  year      = {2010},
}

@Article{PhysRevLett.106.133601,
  author    = {Chen, Zilong and Bohnet, Justin G. and Sankar, Shannon R. and Dai, Jiayan and Thompson, James K.},
  title     = {Conditional Spin Squeezing of a Large Ensemble via the Vacuum Rabi Splitting},
  doi       = {10.1103/PhysRevLett.106.133601},
  issue     = {13},
  pages     = {133601},
  url       = {https://link.aps.org/doi/10.1103/PhysRevLett.106.133601},
  volume    = {106},
  groups    = {Squeezing},
  journal   = {Phys. Rev. Lett.},
  month     = {3},
  numpages  = {4},
  publisher = {American Physical Society},
  year      = {2011},
}

@Article{PhysRevA.91.033625,
  author    = {Zhang, Yan-Lei and Zou, Chang-Ling and Zou, Xu-Bo and Jiang, Liang and Guo, Guang-Can},
  title     = {Detuning-enhanced cavity spin squeezing},
  doi       = {10.1103/PhysRevA.91.033625},
  issue     = {3},
  pages     = {033625},
  url       = {https://link.aps.org/doi/10.1103/PhysRevA.91.033625},
  volume    = {91},
  groups    = {Squeezing},
  journal   = {Phys. Rev. A},
  month     = {3},
  numpages  = {8},
  publisher = {American Physical Society},
  year      = {2015},
}

@Article{PhysRevA.101.053818,
  author    = {Macr\`{\i}, Vincenzo and Nori, Franco and Savasta, Salvatore and Zueco, David},
  title     = {Spin squeezing by one-photon--two-atom excitation processes in atomic ensembles},
  doi       = {10.1103/PhysRevA.101.053818},
  issue     = {5},
  pages     = {053818},
  url       = {https://link.aps.org/doi/10.1103/PhysRevA.101.053818},
  volume    = {101},
  groups    = {Squeezing},
  journal   = {Phys. Rev. A},
  month     = {5},
  numpages  = {13},
  publisher = {American Physical Society},
  year      = {2020},
}

@Article{PhysRevA.82.042315,
  author    = {Dall'Arno, Michele and D'Ariano, Giacomo Mauro and Sacchi, Massimiliano F.},
  title     = {Purification of noisy quantum measurements},
  doi       = {10.1103/PhysRevA.82.042315},
  issue     = {4},
  pages     = {042315},
  url       = {https://link.aps.org/doi/10.1103/PhysRevA.82.0423},
  volume    = {82},
  groups    = {Squeezing},
  journal   = {Phys. Rev. A},
  month     = {10},
  numpages  = {8},
  publisher = {American Physical Society},
  year      = {2010},
}

@Article{2017,
  author    = {Samuele Grandi and Alessandro Zavatta and Marco Bellini and Matteo G A Paris},
  title     = {Experimental quantum tomography of a homodyne detector},
  doi       = {10.1088/1367-2630/aa6f2c},
  number    = {5},
  pages     = {053015},
  url       = {https://doi.org/10.1088/1367-2630/aa6f2c},
  volume    = {19},
  groups    = {Squeezing},
  month     = {5},
  publisher = {{IOP} Publishing},
  year      = {2017},
}

@Article{Zhang2019,
  author    = {Yan-Lei Zhang and Chuan-Sheng Yang and Chang-Ling Zou and Tian Xia and Guang-Can Guo and Xu-Bo Zou},
  title     = {Quantum state preparation of an atomic ensemble via cavity-assisted homodyne measurement},
  doi       = {10.1088/1361-6455/ab42cc},
  number    = {21},
  pages     = {215003},
  url       = {https://doi.org/10.1088/1361-6455/ab42cc},
  volume    = {52},
  groups    = {Squeezing},
  month     = {10},
  publisher = {{IOP} Publishing},
  year      = {2019},
}

@Article{2004,
  author    = {Tom{\'{a}} Tyc and Barry C Sanders},
  title     = {Operational formulation of homodyne detection},
  doi       = {10.1088/0305-4470/37/29/010},
  number    = {29},
  pages     = {7341--7357},
  url       = {https://doi.org/10.1088/0305-4470/37/29/010},
  volume    = {37},
  groups    = {Squeezing},
  month     = {7},
  publisher = {{IOP} Publishing},
  year      = {2004},
}

@Article{PhysRevX.1.021011,
  author    = {Vanner, Michael R.},
  title     = {Selective Linear or Quadratic Optomechanical Coupling via Measurement},
  doi       = {10.1103/PhysRevX.1.021011},
  issue     = {2},
  pages     = {021011},
  url       = {https://link.aps.org/doi/10.1103/PhysRevX.1.021011},
  volume    = {1},
  groups    = {Squeezing},
  journal   = {Phys. Rev. X},
  month     = {11},
  numpages  = {7},
  publisher = {American Physical Society},
  year      = {2011},
}

@Article{Hosten2016,
  author   = {Hosten, Onur and Engelsen, Nils J. and Krishnakumar, Rajiv and Kasevich, Mark A.},
  title    = {Measurement noise 100 times lower than the quantum-projection limit using entangled atoms},
  doi      = {10.1038/nature16176},
  issn     = {1476-4687},
  number   = {7587},
  pages    = {505-508},
  url      = {https://doi.org/10.1038/nature16176},
  volume   = {529},
  day      = {01},
  groups   = {Squeezing},
  journal  = {Nature},
  month    = {1},
  year     = {2016},
}

@Article{Bohnet2014,
  author   = {Bohnet, J. G. and Cox, K. C. and Norcia, M. A. and Weiner, J. M. and Chen, Z. and Thompson, J. K.},
  title    = {Reduced spin measurement back-action for a phase sensitivity ten times beyond the standard quantum limit},
  doi      = {10.1038/nphoton.2014.151},
  issn     = {1749-4893},
  number   = {9},
  pages    = {731-736},
  url      = {https://doi.org/10.1038/nphoton.2014.151},
  volume   = {8},
  day      = {01},
  groups   = {Squeezing},
  journal  = {Nature Photonics},
  month    = {9},
  year     = {2014},
}

@Article{PhysRevA.47.3554,
  author    = {Itano, W. M. and Bergquist, J. C. and Bollinger, J. J. and Gilligan, J. M. and Heinzen, D. J. and Moore, F. L. and Raizen, M. G. and Wineland, D. J.},
  title     = {Quantum projection noise: Population fluctuations in two-level systems},
  doi       = {10.1103/PhysRevA.47.3554},
  issue     = {5},
  pages     = {3554--3570},
  url       = {https://link.aps.org/doi/10.1103/PhysRevA.47.3554},
  volume    = {47},
  groups    = {Squeezing},
  journal   = {Phys. Rev. A},
  month     = {5},
  numpages  = {0},
  publisher = {American Physical Society},
  year      = {1993},
}

@InProceedings{Baertschi2019,
  author    = {B{\"a}rtschi, Andreas and Eidenbenz, Stephan},
  booktitle = {Fundamentals of Computation Theory},
  title     = {Deterministic Preparation of Dicke States},
  editor    = {G{\k{a}}sieniec, Leszek Antoni and Jansson, Jesper and Levcopoulos, Christos},
  isbn      = {978-3-030-25027-0},
  pages     = {126--139},
  publisher = {Springer International Publishing},
  address   = {Cham},
  groups    = {Squeezing},
  year      = {2019},
}

@Book{Gazeau2009,
  author = {Jean-Pierre Gazeau},
  date   = {2009},
  title  = {Coherent States in Quantum Physics},
  doi    = {10.1002/9783527628285},
  url    = {https://onlinelibrary.wiley.com/doi/book/10.1002/9783527628285},
  groups = {Squeezing},
}

@Book{agarwal2012,
  author    = {Agarwal, Girish S.},
  title     = {Quantum Optics},
  doi       = {10.1017/CBO9781139035170},
  publisher = {Cambridge University Press},
  place     = {Cambridge},
  year      = {2012},
}

@Book{walls2008quantum,
  author    = {Walls, D.F. and Milburn, G.J.},
  title     = {Quantum Optics},
  isbn      = {9783540285731},
  publisher = {Springer Berlin Heidelberg},
  url       = {https://books.google.co.uk/books?id=LiWsc3Nlf0kC},
  lccn      = {2007936291},
  year      = {2008},
}

@Article{PhysRevResearch.1.033035,
  author    = {Wright, S. C. and Wall, T. E. and Tarbutt, M. R.},
  title     = {Microwave trap for atoms and molecules},
  doi       = {10.1103/PhysRevResearch.1.033035},
  issue     = {3},
  pages     = {033035},
  url       = {https://link.aps.org/doi/10.1103/PhysRevResearch.1.033035},
  volume    = {1},
  journal   = {Phys. Rev. Research},
  month     = {10},
  numpages  = {7},
  publisher = {American Physical Society},
  year      = {2019},
}

@Article{Williams2017,
  author  = {H J Williams and S Truppe and M Hambach and L Caldwell and N J Fitch and E A Hinds and B E Sauer and M R Tarbutt},
  title   = {Characteristics of a magneto-optical trap of molecules},
  number  = {11},
  pages   = {113035},
  url     = {http://stacks.iop.org/1367-2630/19/i=11/a=113035},
  volume  = {19},
  groups  = {CCM Papers},
  journal = {New Journal of Physics},
  year    = {2017},
}

@Article{JurgilasPRL_2021,
  author    = {S Jurgilas and A Chakraborty and C J H Rich and B E Sauer and Matthew D Frye and Jeremy M Hutson and M R Tarbutt},
  title     = {Collisions in a dual-species magneto-optical trap of molecules and atoms},
  doi       = {10.1088/1367-2630/ac0c9a},
  number    = {7},
  pages     = {075004},
  url       = {https://doi.org/10.1088/1367-2630/ac0c9a},
  volume    = {23},
  journal   = {New Journal of Physics},
  month     = {7},
  publisher = {{IOP} Publishing},
  year      = {2021},
}

@InCollection{MAURODARIANO2003205,
  author    = {G. {Mauro D'Ariano} and Matteo G.A. Paris and Massimiliano F. Sacchi},
  title     = {Quantum Tomography},
  doi       = {https://doi.org/10.1016/S1076-5670(03)80065-4},
  editor    = {Peter W. Hawkes},
  pages     = {205-308},
  publisher = {Elsevier},
  series    = {Advances in Imaging and Electron Physics},
  url       = {https://www.sciencedirect.com/science/article/pii/S1076567003800654},
  volume    = {128},
  issn      = {1076-5670},
  year      = {2003},
}

@Article{Vanner16182,
  author    = {Vanner, M. R. and Pikovski, I. and Cole, G. D. and Kim, M. S. and Brukner, {\v C}. and Hammerer, K. and Milburn, G. J. and Aspelmeyer, M.},
  title     = {Pulsed quantum optomechanics},
  doi       = {10.1073/pnas.1105098108},
  eprint    = {https://www.pnas.org/content/108/39/16182.full.pdf},
  issn      = {0027-8424},
  number    = {39},
  pages     = {16182--16187},
  url       = {https://www.pnas.org/content/108/39/16182},
  volume    = {108},
  journal   = {Proceedings of the National Academy of Sciences},
  publisher = {National Academy of Sciences},
  year      = {2011},
}

@Book{gerry_knight_2004,
  author    = {Gerry, Christopher and Knight, Peter},
  title     = {Introductory Quantum Optics},
  doi       = {10.1017/CBO9780511791239},
  publisher = {Cambridge University Press},
  place     = {Cambridge},
  year      = {2004},
}

@Article{PhysRevA.6.2211,
  author    = {Arecchi, F. T. and Courtens, Eric and Gilmore, Robert and Thomas, Harry},
  title     = {Atomic Coherent States in Quantum Optics},
  doi       = {10.1103/PhysRevA.6.2211},
  issue     = {6},
  pages     = {2211--2237},
  url       = {https://link.aps.org/doi/10.1103/PhysRevA.6.2211},
  volume    = {6},
  journal   = {Phys. Rev. A},
  month     = {12},
  numpages  = {0},
  publisher = {American Physical Society},
  year      = {1972},
}

@Article{Dicke1946,
  author  = {Dicke, R. H.},
  title   = {The Measurement of Thermal Radiation at Microwave Frequencies},
  doi     = {10.1063/1.1770483},
  eprint  = {https://doi.org/10.1063/1.1770483},
  number  = {7},
  pages   = {268-275},
  url     = {https://doi.org/10.1063/1.1770483},
  volume  = {17},
  journal = {Review of Scientific Instruments},
  year    = {1946},
}

@Article{PhysRevLett.127.123202,
  author    = {Burchesky, Sean and Anderegg, Lo\"{\i}c and Bao, Yicheng and Yu, Scarlett S. and Chae, Eunmi and Ketterle, Wolfgang and Ni, Kang-Kuen and Doyle, John M.},
  title     = {Rotational Coherence Times of Polar Molecules in Optical Tweezers},
  doi       = {10.1103/PhysRevLett.127.123202},
  issue     = {12},
  pages     = {123202},
  url       = {https://link.aps.org/doi/10.1103/PhysRevLett.127.123202},
  volume    = {127},
  journal   = {Phys. Rev. Lett.},
  month     = {9},
  numpages  = {5},
  publisher = {American Physical Society},
  year      = {2021},
}

@Misc{SEtienne2020,
  author       = {S. Etienne},
  howpublished = {private communication},
  month        = {2},
  year         = {2020},
}

@Article{PhysRevLett.121.083201,
  author    = {Cheuk, Lawrence W. and Anderegg, Lo\"{\i}c and Augenbraun, Benjamin L. and Bao, Yicheng and Burchesky, Sean and Ketterle, Wolfgang and Doyle, John M.},
  title     = {$\mathrm{\ensuremath{\Lambda}}$-Enhanced Imaging of Molecules in an Optical Trap},
  doi       = {10.1103/PhysRevLett.121.083201},
  issue     = {8},
  pages     = {083201},
  url       = {https://link.aps.org/doi/10.1103/PhysRevLett.121.083201},
  volume    = {121},
  journal   = {Phys. Rev. Lett.},
  month     = {8},
  numpages  = {6},
  publisher = {American Physical Society},
  year      = {2018},
}

@Article{DuPontKapton,
  author = {DuPont},
  title  = {DuPont Kapton Summary of Properties},
  note   = {[Online; accessed 2022-02-08]},
  url    = {https://www.dupont.com/content/dam/dupont/amer/us/en/products/ei-transformation/documents/EI-10142-Kapton-Summary-of-Properties.pdf},
  groups = {Materials},
  year   = {2022},
}

@Article{doi:10.1063/1.4929503,
  author  = {Krupka,Jerzy and Kaminski,Pawel and Kozlowski,Roman and Surma,Barbara and Dierlamm,Alexander and Kwestarz,Michal},
  title   = {Dielectric properties of semi-insulating silicon at microwave frequencies},
  doi     = {10.1063/1.4929503},
  eprint  = {https://doi.org/10.1063/1.4929503},
  number  = {8},
  pages   = {082105},
  url     = {https://doi.org/10.1063/1.4929503},
  volume  = {107},
  groups  = {Materials},
  journal = {Applied Physics Letters},
  year    = {2015},
}

@Article{WEI20169937,
  author   = {Yu Ming Wei and Xu Guang Guo and Lin Chen and Yi Ming Zhu},
  title    = {A novel coplanar waveguide resonator on flexible substrate},
  doi      = {https://doi.org/10.1016/j.ijleo.2016.07.095},
  issn     = {0030-4026},
  number   = {20},
  pages    = {9937-9941},
  url      = {https://www.sciencedirect.com/science/article/pii/S0030402616308610},
  volume   = {127},
  groups   = {Materials},
  journal  = {Optik},
  keywords = {Coplanar waveguide, Split ring resonators, Flexible substrate, Millimeter wave chip},
  year     = {2016},
}

@Article{doi:10.1063/1.2898887,
  author  = {O'Connell,Aaron D. and Ansmann,M. and Bialczak,R. C. and Hofheinz,M. and Katz,N. and Lucero,Erik and McKenney,C. and Neeley,M. and Wang,H. and Weig,E. M. and Cleland,A. N. and Martinis,J. M.},
  title   = {Microwave dielectric loss at single photon energies and millikelvin temperatures},
  doi     = {10.1063/1.2898887},
  eprint  = {https://doi.org/10.1063/1.2898887},
  number  = {11},
  pages   = {112903},
  url     = {https://doi.org/10.1063/1.2898887},
  volume  = {92},
  groups  = {MW Stuff},
  journal = {Applied Physics Letters},
  year    = {2008},
}

@Article{920142,
  author  = {Ponchak, G.E. and Margomenos, A. and Katehi, L.P.B.},
  title   = {Low-loss CPW on low-resistivity Si substrates with a micromachined polyimide interface layer for RFIC interconnects},
  doi     = {10.1109/22.920142},
  number  = {5},
  pages   = {866-870},
  volume  = {49},
  journal = {IEEE Transactions on Microwave Theory and Techniques},
  year    = {2001},
}

@Article{doi:10.1063/1.3638063,
  author  = {Barends,R. and Wenner,J. and Lenander,M. and Chen,Y. and Bialczak,R. C. and Kelly,J. and Lucero,E. and O'Malley,P. and Mariantoni,M. and Sank,D. and Wang,H. and White,T. C. and Yin,Y. and Zhao,J. and Cleland,A. N. and Martinis,John M. and Baselmans,J. J. A.},
  journal = {Applied Physics Letters},
  title   = {Minimizing quasiparticle generation from stray infrared light in superconducting quantum circuits},
  year    = {2011},
  number  = {11},
  pages   = {113507},
  volume  = {99},
  doi     = {10.1063/1.3638063},
  eprint  = {https://doi.org/10.1063/1.3638063},
  url     = {https://doi.org/10.1063/1.3638063},
}

@PhdThesis{Morgan2020,
  author      = {Alexandre Morgan},
  date        = {2020-04-19},
  institution = {University College London},
  title       = {Coupling Rydberg atoms to superconducting microwave circuits},
  url         = {https://discovery.ucl.ac.uk/id/eprint/10095742/},
  year        = {2020},
}

@Article{Hacker2019,
  author       = {Hacker, Bastian and Welte, Stephan and Daiss, Severin and Shaukat, Armin and Ritter, Stephan and Li, Lin and Rempe, Gerhard},
  date         = {2019-02-01},
  journaltitle = {Nature Photonics},
  title        = {Deterministic creation of entangled atom-light Schr\"odinger-cat states},
  doi          = {10.1038/s41566-018-0339-5},
  issue        = {2},
  pages        = {110-115},
  url          = {https://doi.org/10.1038/s41566-018-0339-5},
  volume       = {13},
}

@Article{PhysRevD.88.035020,
  author    = {Lamoreaux, S. K. and van Bibber, K. A. and Lehnert, K. W. and Carosi, G.},
  title     = {Analysis of single-photon and linear amplifier detectors for microwave cavity dark matter axion searches},
  doi       = {10.1103/PhysRevD.88.035020},
  issue     = {3},
  pages     = {035020},
  url       = {https://link.aps.org/doi/10.1103/PhysRevD.88.035020},
  volume    = {88},
  journal   = {Phys. Rev. D},
  month     = {8},
  numpages  = {6},
  publisher = {American Physical Society},
  year      = {2013},
}

@Article{PhysRevA.99.012325,
  author    = {Ma, Sheng-li and Li, Xin-ke and Xie, Ji-kun and Li, Fu-li},
  title     = {Two-mode squeezed states of two separated nitrogen-vacancy-center ensembles coupled via dissipative photons of superconducting resonators},
  doi       = {10.1103/PhysRevA.99.012325},
  issue     = {1},
  pages     = {012325},
  url       = {https://link.aps.org/doi/10.1103/PhysRevA.99.012325},
  volume    = {99},
  journal   = {Phys. Rev. A},
  month     = {1},
  numpages  = {8},
  publisher = {American Physical Society},
  year      = {2019},
}

@Article{PhysRevA.83.013821,
  author    = {Vanderbruggen, T. and Bernon, S. and Bertoldi, A. and Landragin, A. and Bouyer, P.},
  title     = {Spin-squeezing and Dicke-state preparation by heterodyne measurement},
  doi       = {10.1103/PhysRevA.83.013821},
  issue     = {1},
  pages     = {013821},
  url       = {https://link.aps.org/doi/10.1103/PhysRevA.83.013821},
  volume    = {83},
  journal   = {Phys. Rev. A},
  month     = {1},
  numpages  = {8},
  publisher = {American Physical Society},
  year      = {2011},
}

@Article{PhysRevLett.94.023003,
  author    = {Takeuchi, M. and Ichihara, S. and Takano, T. and Kumakura, M. and Yabuzaki, T. and Takahashi, Y.},
  title     = {Spin Squeezing via One-Axis Twisting with Coherent Light},
  doi       = {10.1103/PhysRevLett.94.023003},
  issue     = {2},
  pages     = {023003},
  url       = {https://link.aps.org/doi/10.1103/PhysRevLett.94.023003},
  volume    = {94},
  journal   = {Phys. Rev. Lett.},
  month     = {1},
  numpages  = {4},
  publisher = {American Physical Society},
  year      = {2005},
}

@Article{Jin_2009,
  author     = {Guang-Ri Jin and Yong-Chun Liu and Wu-Ming Liu},
  title      = {Spin squeezing in a generalized one-axis twisting model},
  doi        = {10.1088/1367-2630/11/7/073049},
  number     = {7},
  pages      = {073049},
  url        = {https://doi.org/10.1088/1367-2630/11/7/073049},
  volume     = {11},
  journal    = {New Journal of Physics},
  month      = {7},
  publisher  = {{IOP} Publishing},
  year       = {2009},
}

@Article{Bao2020,
  author        = {Bao, Han and Duan, Junlei and Jin, Shenchao and Lu, Xingda and Li, Pengxiong and Qu, Weizhi and Wang, Mingfeng and Novikova, Irina and Mikhailov, Eugeniy E. and Zhao, Kai-Feng and M{\o}lmer, Klaus and Shen, Heng and Xiao, Yanhong},
  title         = {Spin squeezing of 1011 atoms by prediction and retrodiction measurements},
  doi           = {10.1038/s41586-020-2243-7},
  number        = {7807},
  pages         = {159--163},
  url           = {https://doi.org/10.1038/s41586-020-2243-7},
  volume        = {581},
  bdsk-url-1    = {https://doi.org/10.1038/s41586-020-2243-7},
  da            = {2020/05/01},
  date-added    = {2022-02-26 20:26:39 +0000},
  date-modified = {2022-02-26 20:26:39 +0000},
  id            = {Bao2020},
  journal       = {Nature},
  ty            = {JOUR},
  year          = {2020},
}

@Article{PhysRevA.56.2249,
  author    = {Agarwal, G. S. and Puri, R. R. and Singh, R. P.},
  title     = {Atomic Schr\"odinger cat states},
  doi       = {10.1103/PhysRevA.56.2249},
  issue     = {3},
  pages     = {2249--2254},
  url       = {https://link.aps.org/doi/10.1103/PhysRevA.56.2249},
  volume    = {56},
  journal   = {Phys. Rev. A},
  month     = {9},
  numpages  = {0},
  publisher = {American Physical Society},
  year      = {1997},
}

@Article{PhysRev.93.99,
  author    = {Dicke, R. H.},
  title     = {Coherence in Spontaneous Radiation Processes},
  doi       = {10.1103/PhysRev.93.99},
  issue     = {1},
  pages     = {99--110},
  url       = {https://link.aps.org/doi/10.1103/PhysRev.93.99},
  volume    = {93},
  journal   = {Phys. Rev.},
  month     = {1},
  numpages  = {0},
  publisher = {American Physical Society},
  year      = {1954},
}

@Article{PhysRevB.81.041101,
  author    = {Pan, Jun and Sandhu, Sunil and Huo, Yijie and Stuhrmann, Norbert and Povinelli, Michelle L. and Harris, James S. and Fejer, M. M. and Fan, Shanhui},
  title     = {Experimental demonstration of an all-optical analogue to the superradiance effect in an on-chip photonic crystal resonator system},
  doi       = {10.1103/PhysRevB.81.041101},
  issue     = {4},
  pages     = {041101},
  url       = {https://link.aps.org/doi/10.1103/PhysRevB.81.041101},
  volume    = {81},
  journal   = {Phys. Rev. B},
  month     = {1},
  numpages  = {4},
  publisher = {American Physical Society},
  year      = {2010},
}

@Article{Schulte2020,
  author        = {Schulte, Marius and Lisdat, Christian and Schmidt, Piet O. and Sterr, Uwe and Hammerer, Klemens},
  title         = {Prospects and challenges for squeezing-enhanced optical atomic clocks},
  doi           = {10.1038/s41467-020-19403-7},
  number        = {1},
  pages         = {5955},
  url           = {https://doi.org/10.1038/s41467-020-19403-7},
  volume        = {11},
  bdsk-url-1    = {https://doi.org/10.1038/s41467-020-19403-7},
  da            = {2020/11/24},
  date-added    = {2022-02-26 21:47:06 +0000},
  date-modified = {2022-02-26 21:47:06 +0000},
  id            = {Schulte2020},
  journal       = {Nature Communications},
  ty            = {JOUR},
  year          = {2020},
}

@Manual{arlon,
  title        = {PTFE/Woven Fiberglass/Ceramic Filled Laminate For Microwave Printed Circuit Boards},
  organization = {Rogers Corporation},
  url          = {https://rogerscorp.com/-/media/project/rogerscorp/documents/advanced-electronics-solutions/english/data-sheets/ad1000-data-sheet.pdf},
  year         = {2022},
}

@Book{edmonds1996,
  author    = {Edmonds, A.R.},
  title     = {Angular Momentum in Quantum Mechanics},
  isbn      = {9780691025896},
  publisher = {Princeton University Press},
  series    = {Investigations in Physics Series},
  url       = {https://books.google.co.uk/books?id=0BSOg0oHhZ0C},
  lccn      = {77039796},
  year      = {1996},
}

@Book{edwards2016foundations,
  author    = {Edwards, T.C. and Steer, M.B.},
  title     = {Foundations for Microstrip Circuit Design},
  isbn      = {9781118936191},
  publisher = {Wiley},
  series    = {IEEE Press},
  url       = {https://books.google.co.uk/books?id=G7PcwQEACAAJ},
  lccn      = {2015034473},
  year      = {2016},
}

@Book{brown_carrington_2003,
  author     = {Brown, John M. and Carrington, Alan},
  title      = {Rotational Spectroscopy of Diatomic Molecules},
  doi        = {10.1017/CBO9780511814808},
  publisher  = {Cambridge University Press},
  series     = {Cambridge Molecular Science},
  collection = {Cambridge Molecular Science},
  place      = {Cambridge},
  year       = {2003},
}

@Article{PhysRevLett.123.061102,
  author    = {Sabulsky, D. O. and Dutta, I. and Hinds, E. A. and Elder, B. and Burrage, C. and Copeland, Edmund J.},
  title     = {Experiment to Detect Dark Energy Forces Using Atom Interferometry},
  journal   = {Phys. Rev. Lett.},
  year      = {2019},
  volume    = {123},
  issue     = {6},
  month     = {8},
  pages     = {061102},
  doi       = {10.1103/PhysRevLett.123.061102},
  url       = {https://link.aps.org/doi/10.1103/PhysRevLett.123.061102},
  groups    = {CCM Papers},
  numpages  = {6},
  publisher = {American Physical Society},
}

@Article{doi:10.1126/science.aay0600,
  author  = {Chao Song and Kai Xu and Hekang Li and Yu-Ran Zhang and Xu Zhang and Wuxin Liu and Qiujiang Guo and Zhen Wang and Wenhui Ren and Jie Hao and Hui Feng and Heng Fan and Dongning Zheng and Da-Wei Wang and H. Wang and Shi-Yao Zhu},
  title   = {Generation of multicomponent atomic Schr\&\#xf6;dinger cat states of up to 20 qubits},
  doi     = {10.1126/science.aay0600},
  eprint  = {https://www.science.org/doi/pdf/10.1126/science.aay0600},
  number  = {6453},
  pages   = {574-577},
  url     = {https://www.science.org/doi/abs/10.1126/science.aay0600},
  volume  = {365},
  journal = {Science},
  year    = {2019},
}

@Article{doi:10.1116/1.574141,
  author  = {Tobin,Albert G. and Sedgley,Douglas W. and Batzer,Thomas H. and Call,Wayne R.},
  title   = {Evaluation of charcoal sorbents for helium cryopumping in fusion reactors},
  doi     = {10.1116/1.574141},
  eprint  = {https://doi.org/10.1116/1.574141},
  number  = {1},
  pages   = {101-105},
  url     = {https://doi.org/10.1116/1.574141},
  volume  = {5},
  journal = {Journal of Vacuum Science \& Technology A},
  year    = {1987},
}

@Article{Mathavan2016,
  author   = {Mathavan, Sreekanth C. and Zapara, Artem and Esajas, Quinten and Hoekstra, Steven},
  title    = {Deceleration of a Supersonic Beam of SrF Molecules to 120 meter
              per second},
  doi      = {https://doi.org/10.1002/cphc.201600813},
  eprint   = {https://chemistry-europe.onlinelibrary.wiley.com/doi/pdf/10.1002/cphc.201600813},
  number   = {22},
  pages    = {3709-3713},
  url      = {https://chemistry-europe.onlinelibrary.wiley.com/doi/abs/10.1002/cphc.201600813},
  volume   = {17},
  journal  = {ChemPhysChem},
  keywords = {cold molecules, heavy molecules, molecular beams, Stark deceleration, supersonic expansion},
  year     = {2016},
}

@Article{PhysRevLett.119.103201,
  author    = {Anderegg, Lo\"{\i}c and Augenbraun, Benjamin L. and Chae, Eunmi and Hemmerling, Boerge and Hutzler, Nicholas R. and Ravi, Aakash and Collopy, Alejandra and Ye, Jun and Ketterle, Wolfgang and Doyle, John M.},
  title     = {Radio Frequency Magneto-Optical Trapping of CaF with High Density},
  doi       = {10.1103/PhysRevLett.119.103201},
  issue     = {10},
  pages     = {103201},
  url       = {https://link.aps.org/doi/10.1103/PhysRevLett.119.103201},
  volume    = {119},
  journal   = {Phys. Rev. Lett.},
  month     = {9},
  numpages  = {5},
  publisher = {American Physical Society},
  year      = {2017},
}

@Article{PhysRevA.79.013407,
  author    = {Du, Shengwang and Oh, Eun},
  title     = {Three-wire magnetic trap for direct forced evaporative cooling},
  doi       = {10.1103/PhysRevA.79.013407},
  issue     = {1},
  pages     = {013407},
  url       = {https://link.aps.org/doi/10.1103/PhysRevA.79.013407},
  volume    = {79},
  journal   = {Phys. Rev. A},
  month     = {1},
  numpages  = {5},
  publisher = {American Physical Society},
  year      = {2009},
}

@Article{Shaw2021,
  author    = {Shaw, J. C. and Schnaubelt, J. C. and McCarron, D. J.},
  title     = {Resonance Raman optical cycling for high-fidelity fluorescence detection of molecules},
  doi       = {10.1103/PhysRevResearch.3.L042041},
  issue     = {4},
  pages     = {L042041},
  url       = {https://link.aps.org/doi/10.1103/PhysRevResearch.3.L042041},
  volume    = {3},
  journal   = {Phys. Rev. Research},
  month     = {12},
  numpages  = {6},
  publisher = {American Physical Society},
  year      = {2021},
}

@Article{PhysRevLett.83.5194,
  author    = {M\"uller, Dirk and Anderson, Dana Z. and Grow, Randal J. and Schwindt, Peter D. D. and Cornell, Eric A.},
  title     = {Guiding Neutral Atoms Around Curves with Lithographically Patterned Current-Carrying Wires},
  doi       = {10.1103/PhysRevLett.83.5194},
  issue     = {25},
  pages     = {5194--5197},
  url       = {https://link.aps.org/doi/10.1103/PhysRevLett.83.5194},
  volume    = {83},
  journal   = {Phys. Rev. Lett.},
  month     = {12},
  numpages  = {0},
  publisher = {American Physical Society},
  year      = {1999},
}

@Book{bransden2003,
  author    = {Bransden, B.H. and Joachain, C.J.},
  title     = {Physics of Atoms and Molecules},
  isbn      = {9780582356924},
  publisher = {Prentice Hall},
  url       = {https://books.google.co.uk/books?id=i5IPWXDQlcIC},
  lccn      = {80041903},
  year      = {2003},
}

@InCollection{Fitch2021,
  author    = {N.J. Fitch and M.R. Tarbutt},
  title     = {Chapter Three - Laser-cooled molecules},
  doi       = {https://doi.org/10.1016/bs.aamop.2021.04.003},
  editor    = {Louis F. Dimauro and H{\'e}l{\`e}ne Perrin and Susanne F. Yelin},
  pages     = {157-262},
  publisher = {Academic Press},
  series    = {Advances In Atomic, Molecular, and Optical Physics},
  url       = {https://www.sciencedirect.com/science/article/pii/S1049250X21000033},
  volume    = {70},
  issn      = {1049-250X},
  keywords  = {Laser cooling, Ultracold molecules},
  year      = {2021},
}

@Article{PhysRevLett.121.013202,
  author    = {McCarron, D. J. and Steinecker, M. H. and Zhu, Y. and DeMille, D.},
  title     = {Magnetic Trapping of an Ultracold Gas of Polar Molecules},
  doi       = {10.1103/PhysRevLett.121.013202},
  issue     = {1},
  pages     = {013202},
  url       = {https://link.aps.org/doi/10.1103/PhysRevLett.121.013202},
  volume    = {121},
  journal   = {Phys. Rev. Lett.},
  month     = {7},
  numpages  = {6},
  publisher = {American Physical Society},
  year      = {2018},
}

@Article{Gross2012,
  author       = {Christian Gross},
  date         = {2012-05},
  journaltitle = {Journal of Physics B: Atomic, Molecular and Optical Physics},
  title        = {Spin squeezing, entanglement and quantum metrology with Bose{\textendash}Einstein condensates},
  doi          = {10.1088/0953-4075/45/10/103001},
  number       = {10},
  pages        = {103001},
  url          = {https://doi.org/10.1088/0953-4075/45/10/103001},
  volume       = {45},
  publisher    = {{IOP} Publishing},
}

@Article{Barry2011,
  author       = {Barry, J. F. and Shuman, E. S. and DeMille, D.},
  date         = {2011},
  journaltitle = {Phys. Chem. Chem. Phys.},
  title        = {A bright{,} slow cryogenic molecular beam source for free radicals},
  doi          = {10.1039/C1CP20335E},
  issue        = {42},
  pages        = {18936-18947},
  url          = {http://dx.doi.org/10.1039/C1CP20335E},
  volume       = {13},
  publisher    = {The Royal Society of Chemistry},
}

@Article{PhysRevLett.40.1639,
  author    = {Wineland, D. J. and Drullinger, R. E. and Walls, F. L.},
  title     = {Radiation-Pressure Cooling of Bound Resonant Absorbers},
  doi       = {10.1103/PhysRevLett.40.1639},
  issue     = {25},
  pages     = {1639--1642},
  url       = {https://link.aps.org/doi/10.1103/PhysRevLett.40.1639},
  volume    = {40},
  journal   = {Phys. Rev. Lett.},
  month     = {6},
  numpages  = {0},
  publisher = {American Physical Society},
  year      = {1978},
}

@Article{PhysRevX.8.021036,
  author    = {Norcia, Matthew A. and Cline, Julia R. K. and Muniz, Juan A. and Robinson, John M. and Hutson, Ross B. and Goban, Akihisa and Marti, G. Edward and Ye, Jun and Thompson, James K.},
  title     = {Frequency Measurements of Superradiance from the Strontium Clock Transition},
  doi       = {10.1103/PhysRevX.8.021036},
  issue     = {2},
  pages     = {021036},
  url       = {https://link.aps.org/doi/10.1103/PhysRevX.8.021036},
  volume    = {8},
  journal   = {Phys. Rev. X},
  month     = {5},
  numpages  = {12},
  publisher = {American Physical Society},
  year      = {2018},
}

@Article{PhysRevLett.81.3108,
  author    = {Jaksch, D. and Bruder, C. and Cirac, J. I. and Gardiner, C. W. and Zoller, P.},
  title     = {Cold Bosonic Atoms in Optical Lattices},
  doi       = {10.1103/PhysRevLett.81.3108},
  issue     = {15},
  pages     = {3108--3111},
  url       = {https://link.aps.org/doi/10.1103/PhysRevLett.81.3108},
  volume    = {81},
  journal   = {Phys. Rev. Lett.},
  month     = {10},
  numpages  = {0},
  publisher = {American Physical Society},
  year      = {1998},
}

@Article{Wu2017,
  author   = {Wu, Mu-ying and Ling, Dong-xiong and Ling, Lin and Li, William and Li, Yong-qing},
  title    = {Stable optical trapping and sensitive characterization of nanostructures using standing-wave Raman tweezers},
  doi      = {10.1038/srep42930},
  issn     = {2045-2322},
  number   = {1},
  pages    = {42930},
  url      = {https://doi.org/10.1038/srep42930},
  volume   = {7},
  day      = {17},
  journal  = {Scientific Reports},
  month    = {2},
  year     = {2017},
}

@Article{Schafer2020,
  author   = {Sch{\"a}fer, Florian and Fukuhara, Takeshi and Sugawa, Seiji and Takasu, Yosuke and Takahashi, Yoshiro},
  title    = {Tools for quantum simulation with ultracold atoms in optical lattices},
  doi      = {10.1038/s42254-020-0195-3},
  issn     = {2522-5820},
  number   = {8},
  pages    = {411-425},
  url      = {https://doi.org/10.1038/s42254-020-0195-3},
  volume   = {2},
  day      = {01},
  journal  = {Nature Reviews Physics},
  month    = {8},
  year     = {2020},
}

@Article{Schlosser2001,
  author   = {Schlosser, Nicolas and Reymond, Georges and Protsenko, Igor and Grangier, Philippe},
  title    = {Sub-poissonian loading of single atoms in a microscopic dipole trap},
  doi      = {10.1038/35082512},
  issn     = {1476-4687},
  number   = {6841},
  pages    = {1024-1027},
  url      = {https://doi.org/10.1038/35082512},
  volume   = {411},
  day      = {01},
  journal  = {Nature},
  month    = {6},
  year     = {2001},
}

@Article{Prodan1984,
  author   = {John V. Prodan and William D. Phillips},
  title    = {Chirping the light-fantastic? Recent NBS atom cooling experiments},
  doi      = {https://doi.org/10.1016/0079-6727(84)90019-3},
  issn     = {0079-6727},
  number   = {3},
  pages    = {231-235},
  url      = {https://www.sciencedirect.com/science/article/pii/0079672784900193},
  volume   = {8},
  journal  = {Progress in Quantum Electronics},
  keywords = {Atomic beam velocity modification, frequency scanning, high resolution spectroscopy, laser cooling},
  year     = {1984},
}

@Article{Romaszko2020,
  author   = {Romaszko, Zak David and Hong, Seokjun and Siegele, Martin and Puddy, Reuben Kahan and Lebrun-Gallagher, Foni Rapha{\"e}l and Weidt, Sebastian and Hensinger, Winfried Karl},
  title    = {Engineering of microfabricated ion traps and integration of advanced on-chip features},
  doi      = {10.1038/s42254-020-0182-8},
  issn     = {2522-5820},
  number   = {6},
  pages    = {285-299},
  url      = {https://doi.org/10.1038/s42254-020-0182-8},
  volume   = {2},
  day      = {01},
  journal  = {Nature Reviews Physics},
  month    = {6},
  year     = {2020},
}

@Article{RevModPhys.62.531,
  author    = {Paul, Wolfgang},
  title     = {Electromagnetic traps for charged and neutral particles},
  doi       = {10.1103/RevModPhys.62.531},
  issue     = {3},
  pages     = {531--540},
  url       = {https://link.aps.org/doi/10.1103/RevModPhys.62.531},
  volume    = {62},
  journal   = {Rev. Mod. Phys.},
  month     = {7},
  numpages  = {0},
  publisher = {American Physical Society},
  year      = {1990},
}

@Article{vandeMeerakker2012,
  author    = {van de Meerakker, Sebastiaan Y. T. and Bethlem, Hendrick L. and Vanhaecke, Nicolas and Meijer, Gerard},
  title     = {Manipulation and Control of Molecular Beams},
  doi       = {10.1021/cr200349r},
  issn      = {0009-2665},
  number    = {9},
  pages     = {4828-4878},
  url       = {https://doi.org/10.1021/cr200349r},
  volume    = {112},
  day       = {12},
  journal   = {Chemical Reviews},
  month     = {9},
  publisher = {American Chemical Society},
  year      = {2012},
}

@Article{Alauze2021,
  author    = {X Alauze and J Lim and M A Trigatzis and S Swarbrick and F J Collings and N J Fitch and B E Sauer and M R Tarbutt},
  title     = {An ultracold molecular beam for testing fundamental physics},
  doi       = {10.1088/2058-9565/ac107e},
  number    = {4},
  pages     = {044005},
  url       = {https://doi.org/10.1088/2058-9565/ac107e},
  volume    = {6},
  journal   = {Quantum Science and Technology},
  month     = {7},
  publisher = {{IOP} Publishing},
  year      = {2021},
}

@Article{PhysRevLett.127.263002,
  author    = {Augenbraun, Benjamin L. and Frenett, Alexander and Sawaoka, Hiromitsu and Hallas, Christian and Vilas, Nathaniel B. and Nasir, Abdullah and Lasner, Zack D. and Doyle, John M.},
  title     = {Zeeman-Sisyphus Deceleration of Molecular Beams},
  doi       = {10.1103/PhysRevLett.127.263002},
  issue     = {26},
  pages     = {263002},
  url       = {https://link.aps.org/doi/10.1103/PhysRevLett.127.263002},
  volume    = {127},
  journal   = {Phys. Rev. Lett.},
  month     = {12},
  numpages  = {7},
  publisher = {American Physical Society},
  year      = {2021},
}

@Article{Fitch2016,
  author   = {Fitch, N. J. and Tarbutt, M. R.},
  title    = {Principles and Design of a Zeeman-Sisyphus Decelerator for Molecular Beams},
  doi      = {https://doi.org/10.1002/cphc.201600656},
  eprint   = {https://chemistry-europe.onlinelibrary.wiley.com/doi/pdf/10.1002/cphc.201600656},
  number   = {22},
  pages    = {3609-3623},
  url      = {https://chemistry-europe.onlinelibrary.wiley.com/doi/abs/10.1002/cphc.201600656},
  volume   = {17},
  journal  = {ChemPhysChem},
  keywords = {buffer-gas beams, cold molecules, laser cooling molecules, molecular beam deceleration, optical pumping},
  year     = {2016},
}

@Article{Andreev2018,
  author   = {Andreev, V. and Ang, D. G. and DeMille, D. and Doyle, J. M. and Gabrielse, G. and Haefner, J. and Hutzler, N. R. and Lasner, Z. and Meisenhelder, C. and O'Leary, B. R. and Panda, C. D. and West, A. D. and West, E. P. and Wu, X. and Collaboration, A. C. M. E.},
  title    = {Improved limit on the electric dipole moment of the electron},
  doi      = {10.1038/s41586-018-0599-8},
  issn     = {1476-4687},
  number   = {7727},
  pages    = {355-360},
  url      = {https://doi.org/10.1038/s41586-018-0599-8},
  volume   = {562},
  day      = {01},
  journal  = {Nature},
  month    = {10},
  year     = {2018},
}

@Article{PhysRevLett.80.1634,
  author    = {Vuletic, V. and Fischer, T. and Praeger, M. and H\"ansch, T. W. and Zimmermann, C.},
  title     = {Microscopic Magnetic Quadrupole Trap for Neutral Atoms with Extreme Adiabatic Compression},
  doi       = {10.1103/PhysRevLett.80.1634},
  issue     = {8},
  pages     = {1634--1637},
  url       = {https://link.aps.org/doi/10.1103/PhysRevLett.80.1634},
  volume    = {80},
  journal   = {Phys. Rev. Lett.},
  month     = {2},
  numpages  = {0},
  publisher = {American Physical Society},
  year      = {1998},
}

@Article{Drindic1998,
  author  = {Drndi{\'c} ,M. and Johnson,K. S. and Thywissen,J. H. and Prentiss,M. and Westervelt,R. M.},
  title   = {Micro-electromagnets for atom manipulation},
  doi     = {10.1063/1.121455},
  eprint  = {https://doi.org/10.1063/1.121455},
  number  = {22},
  pages   = {2906-2908},
  url     = {https://doi.org/10.1063/1.121455},
  volume  = {72},
  journal = {Applied Physics Letters},
  year    = {1998},
}

@Article{PhysRevLett.82.2014,
  author    = {Denschlag, Johannes and Cassettari, Donatella and Schmiedmayer, J\"org},
  title     = {Guiding Neutral Atoms with a Wire},
  doi       = {10.1103/PhysRevLett.82.2014},
  issue     = {10},
  pages     = {2014--2017},
  url       = {https://link.aps.org/doi/10.1103/PhysRevLett.82.2014},
  volume    = {82},
  journal   = {Phys. Rev. Lett.},
  month     = {3},
  numpages  = {0},
  publisher = {American Physical Society},
  year      = {1999},
}

@Article{Hansel2001,
  author   = {H{\"a}nsel, W. and Hommelhoff, P. and H{\"a}nsch, T. W. and Reichel, J.},
  title    = {Bose--Einstein condensation on a microelectronic chip},
  doi      = {10.1038/35097032},
  issn     = {1476-4687},
  number   = {6855},
  pages    = {498-501},
  url      = {https://doi.org/10.1038/35097032},
  volume   = {413},
  day      = {01},
  journal  = {Nature},
  month    = {10},
  year     = {2001},
}

@Article{Aubin2006,
  author   = {Aubin, S. and Myrskog, S. and Extavour, M. H. T. and LeBlanc, L. J. and McKay, D. and Stummer, A. and Thywissen, J. H.},
  title    = {Rapid sympathetic cooling to Fermi degeneracy on a chip},
  doi      = {10.1038/nphys309},
  issn     = {1745-2481},
  number   = {6},
  pages    = {384-387},
  url      = {https://doi.org/10.1038/nphys309},
  volume   = {2},
  day      = {01},
  journal  = {Nature Physics},
  month    = {6},
  year     = {2006},
}

@Article{Treutlein2004,
  author    = {Treutlein, Philipp and Hommelhoff, Peter and Steinmetz, Tilo and H\"ansch, Theodor W. and Reichel, Jakob},
  title     = {Coherence in Microchip Traps},
  doi       = {10.1103/PhysRevLett.92.203005},
  issue     = {20},
  pages     = {203005},
  url       = {https://link.aps.org/doi/10.1103/PhysRevLett.92.203005},
  volume    = {92},
  journal   = {Phys. Rev. Lett.},
  month     = {5},
  numpages  = {4},
  publisher = {American Physical Society},
  year      = {2004},
}

@Article{Knappe2004,
  author  = {Knappe,Svenja and Shah,Vishal and Schwindt,Peter D. D. and Hollberg,Leo and Kitching,John and Liew,Li-Anne and Moreland,John},
  title   = {A microfabricated atomic clock},
  doi     = {10.1063/1.1787942},
  eprint  = {https://doi.org/10.1063/1.1787942},
  number  = {9},
  pages   = {1460-1462},
  url     = {https://doi.org/10.1063/1.1787942},
  volume  = {85},
  journal = {Applied Physics Letters},
  year    = {2004},
}

@Article{Wang2005,
  author    = {Wang, Ying-Ju and Anderson, Dana Z. and Bright, Victor M. and Cornell, Eric A. and Diot, Quentin and Kishimoto, Tetsuo and Prentiss, Mara and Saravanan, R. A. and Segal, Stephen R. and Wu, Saijun},
  title     = {Atom Michelson Interferometer on a Chip Using a Bose-Einstein Condensate},
  doi       = {10.1103/PhysRevLett.94.090405},
  issue     = {9},
  pages     = {090405},
  url       = {https://link.aps.org/doi/10.1103/PhysRevLett.94.090405},
  volume    = {94},
  journal   = {Phys. Rev. Lett.},
  month     = {3},
  numpages  = {4},
  publisher = {American Physical Society},
  year      = {2005},
}

@Article{Deutsch2010,
  author    = {Deutsch, C. and Ramirez-Martinez, F. and Lacro\^ute, C. and Reinhard, F. and Schneider, T. and Fuchs, J. N. and Pi\'echon, F. and Lalo\"e, F. and Reichel, J. and Rosenbusch, P.},
  title     = {Spin Self-Rephasing and Very Long Coherence Times in a Trapped Atomic Ensemble},
  doi       = {10.1103/PhysRevLett.105.020401},
  issue     = {2},
  pages     = {020401},
  url       = {https://link.aps.org/doi/10.1103/PhysRevLett.105.020401},
  volume    = {105},
  journal   = {Phys. Rev. Lett.},
  month     = {7},
  numpages  = {4},
  publisher = {American Physical Society},
  year      = {2010},
}

@Article{Cano2008,
  author    = {Cano, D. and Kasch, B. and Hattermann, H. and Kleiner, R. and Zimmermann, C. and Koelle, D. and Fort\'agh, J.},
  title     = {Meissner Effect in Superconducting Microtraps},
  doi       = {10.1103/PhysRevLett.101.183006},
  issue     = {18},
  pages     = {183006},
  url       = {https://link.aps.org/doi/10.1103/PhysRevLett.101.183006},
  volume    = {101},
  journal   = {Phys. Rev. Lett.},
  month     = {10},
  numpages  = {4},
  publisher = {American Physical Society},
  year      = {2008},
}

@Misc{Vilas2021,
  author        = {Vilas, Nathaniel B. and Hallas, Christian and Anderegg, Lo{\"i}c and Robichaud, Paige and Winnicki, Andrew and Mitra, Debayan and Doyle, John M.},
  title         = {Magneto-Optical Trapping and Sub-Doppler Cooling of a Polyatomic Molecule},
  doi           = {10.48550/ARXIV.2112.08349},
  eprint        = {2112.08349},
  url           = {https://arxiv.org/abs/2112.08349},
  archiveprefix = {arXiv},
  copyright     = {arXiv.org perpetual, non-exclusive license},
  keywords      = {Atomic Physics (physics.atom-ph), FOS: Physical sciences},
  primaryclass  = {atom-ph},
  publisher     = {arXiv},
  year          = {2021},
}

@Online{DoylePolyatomic2022,
  author = {Doyle, John M. and Augenbraun, Benjamin L. and Lasner, Zack D.},
  year = {2022},
  month = {1},
  day = {15},
  title  = {Ultracold polyatomic molecules for quantum science andprecision measurements},
  url    = {https://projects.iq.harvard.edu/files/jdoyle/files/jps_cp_spin2021.pdf},
}

@Article{PhysRevA.72.033610,
  author    = {Harber, D. M. and Obrecht, J. M. and McGuirk, J. M. and Cornell, E. A.},
  title     = {Measurement of the Casimir-Polder force through center-of-mass oscillations of a Bose-Einstein condensate},
  doi       = {10.1103/PhysRevA.72.033610},
  issue     = {3},
  pages     = {033610},
  url       = {https://link.aps.org/doi/10.1103/PhysRevA.72.033610},
  volume    = {72},
  journal   = {Phys. Rev. A},
  month     = {9},
  numpages  = {6},
  publisher = {American Physical Society},
  year      = {2005},
}

@Article{PhysRevLett.98.063201,
  author    = {Obrecht, J. M. and Wild, R. J. and Antezza, M. and Pitaevskii, L. P. and Stringari, S. and Cornell, E. A.},
  title     = {Measurement of the Temperature Dependence of the Casimir-Polder Force},
  doi       = {10.1103/PhysRevLett.98.063201},
  issue     = {6},
  pages     = {063201},
  url       = {https://link.aps.org/doi/10.1103/PhysRevLett.98.063201},
  volume    = {98},
  journal   = {Phys. Rev. Lett.},
  month     = {2},
  numpages  = {4},
  publisher = {American Physical Society},
  year      = {2007},
}

@Article{PhysRevLett.116.030402,
  author    = {Rauer, B. and Gri\ifmmode \check{s}\else \v{s}\fi{}ins, P. and Mazets, I. E. and Schweigler, T. and Rohringer, W. and Geiger, R. and Langen, T. and Schmiedmayer, J.},
  title     = {Cooling of a One-Dimensional Bose Gas},
  doi       = {10.1103/PhysRevLett.116.030402},
  issue     = {3},
  pages     = {030402},
  url       = {https://link.aps.org/doi/10.1103/PhysRevLett.116.030402},
  volume    = {116},
  journal   = {Phys. Rev. Lett.},
  month     = {1},
  numpages  = {5},
  publisher = {American Physical Society},
  year      = {2016},
}

@Article{Hofferberth2007,
  author   = {Hofferberth, S. and Lesanovsky, I. and Fischer, B. and Schumm, T. and Schmiedmayer, J.},
  title    = {Non-equilibrium coherence dynamics in one-dimensional Bose gases},
  doi      = {10.1038/nature06149},
  issn     = {1476-4687},
  number   = {7160},
  pages    = {324-327},
  url      = {https://doi.org/10.1038/nature06149},
  volume   = {449},
  day      = {01},
  journal  = {Nature},
  month    = {9},
  year     = {2007},
}

@Article{Yuen2015,
  author    = {B Yuen and I J M Barr and J P Cotter and E Butler and E A Hinds},
  title     = {Enhanced oscillation lifetime of a Bose{\textendash}Einstein condensate in the 3D/1D crossover},
  doi       = {10.1088/1367-2630/17/9/093041},
  number    = {9},
  pages     = {093041},
  url       = {https://doi.org/10.1088/1367-2630/17/9/093041},
  volume    = {17},
  journal   = {New Journal of Physics},
  month     = {9},
  publisher = {{IOP} Publishing},
  year      = {2015},
}

@Article{PhysRevLett.105.080403,
  author    = {Maussang, Kenneth and Marti, G. Edward and Schneider, Tobias and Treutlein, Philipp and Li, Yun and Sinatra, Alice and Long, Romain and Est\`eve, J\'er\^ome and Reichel, Jakob},
  title     = {Enhanced and Reduced Atom Number Fluctuations in a BEC Splitter},
  doi       = {10.1103/PhysRevLett.105.080403},
  issue     = {8},
  pages     = {080403},
  url       = {https://link.aps.org/doi/10.1103/PhysRevLett.105.080403},
  volume    = {105},
  journal   = {Phys. Rev. Lett.},
  month     = {8},
  numpages  = {4},
  publisher = {American Physical Society},
  year      = {2010},
}

@Article{Frye2021,
  author   = {Frye, Kai and Abend, Sven and Bartosch, Wolfgang and Bawamia,
              Ahmad and Becker, Dennis and Blume, Holger and Braxmaier, Claus
              and Chiow, Sheng-Wey and Efremov, Maxim A. and Ertmer, Wolfgang
              and Fierlinger, Peter and Franz, Tobias and Gaaloul, Naceur and
              Grosse, Jens and Grzeschik, Christoph and Hellmig, Ortwin and
              Henderson, Victoria A. and Herr, Waldemar and Israelsson, Ulf and
              Kohel, James and Krutzik, Markus and K{\"u}rbis, Christian and
              L{\"a}mmerzahl, Claus and List, Meike and L{\"u}dtke, Daniel and
              Lundblad, Nathan and Marburger, J. Pierre and Meister, Matthias
              and Mihm, Moritz and M{\"u}ller, Holger and M{\"u}ntinga, Hauke
              and Nepal, Ayush M. and Oberschulte, Tim and Papakonstantinou,
              Alexandros and Perovusek, Jaka and Peters, Achim and Prat,
              Arnau and Rasel, Ernst M. and Roura, Albert and Sbroscia, Matteo
              and Schleich, Wolfgang P. and Schubert, Christian and Seidel,
              Stephan T. and Sommer, Jan and Spindeldreier, Christian and
              Stamper-Kurn, Dan and Stuhl, Benjamin K. and Warner, Marvin and
              Wendrich, Thijs and Wenzlawski, Andr{\'e} and Wicht, Andreas and
              Windpassinger, Patrick and Yu, Nan and W{\"o}rner, Lisa}, 
  title = {The Bose-Einstein Condensate and Cold Atom Laboratory},
  doi      = {10.1140/epjqt/s40507-020-00090-8},
  issn     = {2196-0763},
  number   = {1},
  pages    = {1},
  url      = {https://doi.org/10.1140/epjqt/s40507-020-00090-8},
  volume   = {8},
  day      = {04},
  journal  = {EPJ Quantum Technology},
  month    = {1},
  year     = {2021},
}

@Misc{ACMEreview,
  author        = {Alarcon, Ricardo and Alexander, Jim and Anastassopoulos,
                   Vassilis and Aoki, Takatoshi and Baartman, Rick and Bae{\ss}ler, Stefan and Bartoszek, Larry and Beck, Douglas H. and Bedeschi, Franco and Berger, Robert and Berz, Martin and Bethlem, Hendrick L. and Bhattacharya, Tanmoy and Blaskiewicz, Michael and Blum, Thomas and Bowcock, Themis and Borschevsky, Anastasia and Brown, Kevin and Budker, Dmitry and Burdin, Sergey and Casey, Brendan C. and Casse, Gianluigi and Cantatore, Giovanni and Cheng, Lan and Chupp, Timothy and Cianciolo, Vince and Cirigliano, Vincenzo and Clayton, Steven M. and Crawford, Chris and Das, B. P. and Davoudiasl, Hooman and de Vries, Jordy and DeMille, David and Denisov, Dmitri and Diwan, Milind V. and Doyle, John M. and Engel, Jonathan and Fanourakis, George and Fatemi, Renee and Filippone, Bradley W. and Flambaum, Victor V. and Fleig, Timo and Fomin, Nadia and Fischer, Wolfram and Gabrielse, Gerald and Ruiz, R. F. Garcia and Gardikiotis, Antonios and Gatti, Claudio and Geraci, Andrew and Gooding, James and Golub, Bob and Graham, Peter and Gray, Frederick and Griffith, W. Clark and Haciomeroglu, Selcuk and Gwinner, Gerald and Hoekstra, Steven and Hoffstaetter, Georg H. and Huang, Haixin and Hutzler, Nicholas R. and Incagli, Marco and Ito, Takeyasu M. and Izubuchi, Taku and Jayich, Andrew M. and Jeong, Hoyong and Kaplan, David and Karuza, Marin and Kawall, David and Kim, On and Koop, Ivan and Korsch, Wolfgang and Korobkina, Ekaterina and Lebedev, Valeri and Lee, Jonathan and Lee, Soohyung and Lehnert, Ralf and Leung, Kent K. H. and Liu, Chen-Yu and Long, Joshua and Lusiani, Alberto and Marciano, William J. and Maroudas, Marios and Matlashov, Andrei and Matsumoto, Nobuyuki and Mawhorter, Richard and Meot, Francois and Mereghetti, Emanuele and Miller, James P. and Morse, William M. and Mott, James and Omarov, Zhanibek and Orozco, Luis A. and O'Shaughnessy, Christopher M. and Ozben, Cenap and Park, SeongTae and Pattie, Robert W. and Petrov, Alexander N. and Piacentino, Giovanni Maria and Plaster, Bradley R. and Podobedov, Boris and Poelker, Matthew and Pocanic, Dinko and Prasannaa, V. S. and Price, Joe and Ramsey-Musolf, Michael J. and Raparia, Deepak and Rajendran, Surjeet and Reece, Matthew and Reid, Austin and Rescia, Sergio and Ritz, Adam and Roberts, B. Lee and Safronova, Marianna S. and Sakemi, Yasuhiro and Schmidt-Wellenburg, Philipp and Shindler, Andrea and Semertzidis, Yannis K. and Silenko, Alexander and Singh, Jaideep T. and Skripnikov, Leonid V. and Soni, Amarjit and Stephenson, Edward and Suleiman, Riad and Sunaga, Ayaki and Syphers, Michael and Syritsyn, Sergey and Tarbutt, M. R. and Thoerngren, Pia and Timmermans, Rob G. E. and Tishchenko, Volodya and Titov, Anatoly V. and Tsoupas, Nikolaos and Tzamarias, Spyros and Variola, Alessandro and Venanzoni, Graziano and Vilella, Eva and Vossebeld, Joost and Winter, Peter and Won, Eunil and Zelenski, Anatoli and Zelevinsky, Tanya and Zhou, Yan and Zioutas, Konstantin},
  title         = {Electric dipole moments and the search for new physics},
  doi           = {10.48550/ARXIV.2203.08103},
  eprint        = {2203.08103},
  url           = {ACMEEDMreview},
  archiveprefix = {arXiv},
  copyright     = {arXiv.org perpetual, non-exclusive license},
  keywords      = {High Energy Physics - Phenomenology (hep-ph), High Energy Physics - Experiment (hep-ex), High Energy Physics - Lattice (hep-lat), Nuclear Experiment (nucl-ex), Nuclear Theory (nucl-th), FOS: Physical sciences},
  primaryclass  = {hep-ph},
  publisher     = {arXiv},
  year          = {2022},
}

@Article{PhysRevLett.88.067901,
  author    = {DeMille, D.},
  title     = {Quantum Computation with Trapped Polar Molecules},
  doi       = {10.1103/PhysRevLett.88.067901},
  issue     = {6},
  pages     = {067901},
  url       = {https://link.aps.org/doi/10.1103/PhysRevLett.88.067901},
  volume    = {88},
  journal   = {Phys. Rev. Lett.},
  month     = {1},
  numpages  = {4},
  publisher = {American Physical Society},
  year      = {2002},
}

@Article{Crompvoets2001,
  author  = {Crompvoets, Floris M.H. and Bethlem, Hendrick L. and Jongma, Rienk T. and Meijer, Gerard},
  title   = {A prototype storage ring for neutral molecules},
  doi     = {10.1038/35075537},
  issn    = {1476-4687},
  number  = {6834},
  pages   = {174-176},
  url     = {https://doi.org/10.1038/35075537},
  volume  = {411},
  day     = {01},
  journal = {Nature},
  month   = {5},
  year    = {2001},
}

@Article{Roux2008,
  author       = {C. Roux and A. Emmert and A. Lupascu and T. Nirrengarten and G. Nogues and M. Brune and J.-M. Raimond and S. Haroche},
  date         = {2008-02},
  journaltitle = {{EPL} (Europhysics Letters)},
  title        = {Bose-Einstein condensation on a superconducting atom chip},
  doi          = {10.1209/0295-5075/81/56004},
  number       = {5},
  pages        = {56004},
  url          = {https://doi.org/10.1209/0295-5075/81/56004},
  volume       = {81},
  publisher    = {{IOP} Publishing},
}

@Article{Lett1988,
  author    = {Lett, Paul D. and Watts, Richard N. and Westbrook, Christoph I. and Phillips, William D. and Gould, Phillip L. and Metcalf, Harold J.},
  title     = {Observation of Atoms Laser Cooled below the Doppler Limit},
  doi       = {10.1103/PhysRevLett.61.169},
  issue     = {2},
  pages     = {169--172},
  url       = {https://link.aps.org/doi/10.1103/PhysRevLett.61.169},
  volume    = {61},
  journal   = {Phys. Rev. Lett.},
  month     = {7},
  numpages  = {0},
  publisher = {American Physical Society},
  year      = {1988},
}

@Article{Stray2022,
  author  = {Stray, Ben and Lamb, Andrew and Kaushik, Aisha and Vovrosh, Jamie and Rodgers, Anthony and Winch, Jonathan and Hayati, Farzad and Boddice, Daniel and Stabrawa, Artur and Niggebaum, Alexander and Langlois, Mehdi and Lien, Yu-Hung and Lellouch, Samuel and Roshanmanesh, Sanaz and Ridley, Kevin and de Villiers, Geoffrey and Brown, Gareth and Cross, Trevor and Tuckwell, George and Faramarzi, Asaad and Metje, Nicole and Bongs, Kai and Holynski, Michael},
  title   = {Quantum sensing for gravity cartography},
  doi     = {10.1038/s41586-021-04315-3},
  issn    = {1476-4687},
  number  = {7898},
  pages   = {590-594},
  url     = {https://doi.org/10.1038/s41586-021-04315-3},
  volume  = {602},
  day     = {01},
  journal = {Nature},
  month   = {2},
  year    = {2022},
}

@Article{Chen2019,
  author    = {Chen, Yun-Jhih and Hansen, Azure and Hoth, Gregory W. and Ivanov, Eugene and Pelle, Bruno and Kitching, John and Donley, Elizabeth A.},
  title     = {Single-Source Multiaxis Cold-Atom Interferometer in a Centimeter-Scale Cell},
  doi       = {10.1103/PhysRevApplied.12.014019},
  issue     = {1},
  pages     = {014019},
  url       = {https://link.aps.org/doi/10.1103/PhysRevApplied.12.014019},
  volume    = {12},
  journal   = {Phys. Rev. Applied},
  month     = {7},
  numpages  = {10},
  publisher = {American Physical Society},
  year      = {2019},
}

@Article{Wcislo2018,
  author  = {P. Wcis{\l}o and P. Ablewski and K. Beloy and S. Bilicki and M.
             Bober and R. Brown and R. Fasano and R. Ciury{\l}o and H. Hachisu
             and T. Ido and J. Lodewyck and A. Ludlow and W. McGrew and P.
             Morzy{\'n}ski and D. Nicolodi and M. Schioppo and M. Sekido and R. Le Targat and P. Wolf and X. Zhang and B. Zjawin and M. Zawada},
  title   = {New bounds on dark matter coupling from a global network of optical atomic clocks},
  doi     = {10.1126/sciadv.aau4869},
  eprint  = {https://www.science.org/doi/pdf/10.1126/sciadv.aau4869},
  number  = {12},
  pages   = {eaau4869},
  url     = {https://www.science.org/doi/abs/10.1126/sciadv.aau4869},
  volume  = {4},
  journal = {Science Advances},
  year    = {2018},
}

@Article{Margalit2021,
  author  = {Yair Margalit and Or Dobkowski and Zhifan Zhou and Omer Amit and Yonathan Japha and Samuel Moukouri and Daniel Rohrlich and Anupam Mazumdar and Sougato Bose and Carsten Henkel and Ron Folman},
  title   = {Realization of a complete Stern-Gerlach interferometer: Toward a test of quantum gravity},
  doi     = {10.1126/sciadv.abg2879},
  eprint  = {https://www.science.org/doi/pdf/10.1126/sciadv.abg2879},
  number  = {22},
  pages   = {eabg2879},
  url     = {https://www.science.org/doi/abs/10.1126/sciadv.abg2879},
  volume  = {7},
  journal = {Science Advances},
  year    = {2021},
}

@Article{Gerritsma2007,
  author    = {Gerritsma, R. and Whitlock, S. and Fernholz, T. and Schlatter, H. and Luigjes, J. A. and Thiele, J.-U. and Goedkoop, J. B. and Spreeuw, R. J. C.},
  title     = {Lattice of microtraps for ultracold atoms based on patterned magnetic films},
  doi       = {10.1103/PhysRevA.76.033408},
  issue     = {3},
  pages     = {033408},
  url       = {https://link.aps.org/doi/10.1103/PhysRevA.76.033408},
  volume    = {76},
  journal   = {Phys. Rev. A},
  month     = {9},
  numpages  = {6},
  publisher = {American Physical Society},
  year      = {2007},
}

@Article{Aoki2006,
  author  = {Aoki, Takao and Dayan, Barak and Wilcut, E. and Bowen, W. P. and Parkins, A. S. and Kippenberg, T. J. and Vahala, K. J. and Kimble, H. J.},
  title   = {Observation of strong coupling between one atom and a monolithic microresonator},
  doi     = {10.1038/nature05147},
  issn    = {1476-4687},
  number  = {7112},
  pages   = {671-674},
  url     = {https://doi.org/10.1038/nature05147},
  volume  = {443},
  day     = {01},
  journal = {Nature},
  month   = {10},
  year    = {2006},
}

@Article{Patterson2007,
  author  = {Patterson,David and Doyle,John M.},
  title   = {Bright, guided molecular beam with hydrodynamic enhancement},
  doi     = {10.1063/1.2717178},
  eprint  = {https://doi.org/10.1063/1.2717178},
  number  = {15},
  pages   = {154307},
  url     = {https://doi.org/10.1063/1.2717178},
  volume  = {126},
  journal = {The Journal of Chemical Physics},
  year    = {2007},
}

@Article{Fitch2020,
  author    = {N J Fitch and J Lim and E A Hinds and B E Sauer and M R Tarbutt},
  title     = {Methods for measuring the electron's electric dipole moment using ultracold {YbF} molecules},
  doi       = {10.1088/2058-9565/abc931},
  number    = {1},
  pages     = {014006},
  url       = {https://doi.org/10.1088/2058-9565/abc931},
  volume    = {6},
  journal   = {Quantum Science and Technology},
  month     = {12},
  publisher = {{IOP} Publishing},
  year      = {2020},
}

@Article{Badurina_2020,
  author    = {L. Badurina and E. Bentine and D. Blas and K. Bongs and D. Bortoletto and T. Bowcock and K. Bridges and W. Bowden and O. Buchmueller and C. Burrage and J. Coleman and G. Elertas and J. Ellis and C. Foot and V. Gibson and M.G. Haehnelt and T. Harte and S. Hedges and R. Hobson and M. Holynski and T. Jones and M. Langlois and S. Lellouch and M. Lewicki and R. Maiolino and P. Majewski and S. Malik and J. March-Russell and C. McCabe and D. Newbold and B. Sauer and U. Schneider and I. Shipsey and Y. Singh and M.A. Uchida and T. Valenzuela and M. van der Grinten and V. Vaskonen and J. Vossebeld and D. Weatherill and I. Wilmut},
  title     = {{AION}: an atom interferometer observatory and network},
  doi       = {10.1088/1475-7516/2020/05/011},
  number    = {05},
  pages     = {011--011},
  url       = {https://doi.org/10.1088/1475-7516/2020/05/011},
  volume    = {2020},
  journal   = {Journal of Cosmology and Astroparticle Physics},
  month     = {5},
  publisher = {{IOP} Publishing},
  year      = {2020},
}

@book{Harman2009,
  title={Wire Bonding in Microelectronics},
  author={Harman, G.},
  isbn={9780071642651},
  url={https://books.google.co.uk/books?id=rAmJbSQ7BmEC},
  year={2009},
  publisher={McGraw-Hill Education}
}

